1508783402.823899,379728.48000000004,379733.68176
1508783410.596644,379728.48000000004,379729.13022000005
1508783417.175776,379728.48000000004,379729.13022000005
1508783424.111443,379728.48000000004,379729.13022000005
1508783430.706559,379728.48000000004,379729.13022000005
1508783438.034808,379729.78044000006,379733.68176
1508783445.302344,379733.03154,379733.68176
1508783452.626361,379703.12142000004,379711.57428
1508783459.946538,379280.47842,379530.81312
1508783469.325977,379128.32694000006,379489.19904000004
1508783476.79116,379128.32694000006,379128.97716
1508783483.379727,379078.26,379078.91022
1508783490.60168,379078.26,379078.91022
1508783496.801509,379078.26,379078.91022
1508783503.483411,379078.26,379078.91022
1508783510.151301,379078.26,379078.91022
1508783516.747549,379078.26,379078.91022
1508783526.204379,379078.26,379078.91022
1508783533.368043,379078.26,379078.91022
1508783539.987609,379078.26,379078.91022
1508783547.192283,379078.26,379078.91022
1508783553.761334,379078.26,379078.91022
1508783561.053068,377777.82,377778.4702200001
1508783567.697525,377435.80428000004,377436.45450000005
1508783574.669636,376124.31054000003,376347.336
1508783581.416735,376253.7043200001,376346.68578
1508783588.097319,375492.94692,376243.3008
1508783594.402311,375828.46044000005,375829.11066
1508783604.127007,376346.68578,376347.336
1508783610.714763,376346.68578,376347.336
1508783617.848967,377208.87750000006,377209.5277200001
1508783625.055538,377208.87750000006,377209.5277200001
1508783631.682199,377208.87750000006,377209.5277200001
1508783638.445556,377208.87750000006,377209.5277200001
1508783645.020947,377208.87750000006,377209.5277200001
1508783653.900111,377208.87750000006,377209.5277200001
1508783661.066465,377859.09750000003,377859.74772000004
1508783667.269451,377859.09750000003,377859.74772000004
1508783674.514578,377859.09750000003,377859.74772000004
1508783682.134291,377859.09750000003,377859.74772000004
1508783688.969778,377859.09750000003,377859.74772000004
1508783696.256875,377859.09750000003,377859.74772000004
1508783702.893408,377511.88002000004,377561.94696000003
1508783709.077779,377452.71,377453.36022000003
1508783715.678759,377452.71,377453.36022000003
1508783722.997883,377452.71,377453.36022000003
1508783729.159975,377452.71,377453.36022000003
1508783735.969243,377452.71,377453.36022000003
1508783743.16464,377452.71,377453.36022000003
1508783749.985864,377452.71,377453.36022000003
1508783757.176152,377452.71,377453.36022000003
1508783763.347154,377452.71,377453.36022000003
1508783772.097271,377655.57864,377656.22886000003
1508783779.342233,377655.57864,377656.22886000003
1508783787.098626,377655.57864,377656.22886000003
1508783794.289227,377777.16978,377777.82
1508783804.696599,377781.72132000007,377782.37154
1508783811.284664,377784.32220000005,377859.09750000003
1508783819.070374,377783.02176000003,377783.67198000004
1508783825.677352,377648.42622,377649.07644000003
1508783832.31241,377648.42622,377649.07644000003
1508783839.246488,377648.42622,377649.07644000003
1508783845.811442,377648.42622,377649.07644000003
1508783852.693263,377651.02710000006,377775.21912
1508783858.886997,377774.5689,377775.21912
1508783865.546694,377841.54156,377842.842
1508783872.798191,377831.13804,377841.54156
1508783880.005823,377651.6773200001,377827.88694000005
1508783886.223819,377829.8376,377830.48782000004
1508783893.00208,377738.8068,377830.48782000004
1508783899.614312,377704.34514000005,377859.74772000004
1508783906.214054,377705.64558000007,377706.2958
1508783912.767011,377705.64558000007,377706.2958
1508783919.78676,377705.64558000007,377706.2958
1508783927.025753,377705.64558000007,377706.2958
1508783933.204055,377705.64558000007,377706.2958
1508783940.066471,377705.64558000007,377706.2958
1508783948.286638,377705.64558000007,377706.2958
1508783955.202214,377705.64558000007,377706.2958
1508783961.764272,377713.44822,377859.09750000003
1508783969.086759,377859.09750000003,377859.74772000004
1508783976.206135,377939.72478,377940.37500000006
1508783983.053071,377860.39794000005,377941.02522000007
1508783989.279411,378109.43220000004,378286.29204000003
1508783996.141559,378103.58022000006,378104.2304400001
1508784006.259128,378111.38286,378166.65156
1508784013.530816,378127.63836000004,378350.01360000006
1508784020.110937,378121.78638,378167.95200000005
1508784027.558489,378132.84012,378428.04000000004
1508784033.753858,378147.14496000006,378167.95200000005
1508784042.239459,378156.89826000005,378167.95200000005
1508784049.534189,378167.30178000004,378167.95200000005
1508784056.109795,378167.30178000004,378167.95200000005
1508784062.767038,378167.30178000004,378167.95200000005
1508784070.011323,378167.30178000004,378167.95200000005
1508784077.272428,378232.32378000004,378232.97400000005
1508784084.095759,378232.32378000004,378232.97400000005
1508784090.317407,378232.32378000004,378232.97400000005
1508784097.540331,378232.32378000004,378232.97400000005
1508784104.870944,378232.32378000004,378426.73956
1508784112.395634,378232.32378000004,378232.97400000005
1508784120.107988,378232.32378000004,378232.97400000005
1508784126.646575,378232.32378000004,378232.97400000005
1508784133.523183,378232.32378000004,378232.97400000005
1508784140.809319,378232.32378000004,378232.97400000005
1508784147.776799,378108.78198,378142.59342
1508784154.819216,378111.38286,378112.0330800001
1508784161.429544,378113.98374000005,378114.63396000006
1508784168.663607,378115.9344,378116.58462000004
1508784175.93607,378117.88506,378142.59342
1508784183.443143,378118.53528,378119.1855
1508784189.764991,378118.53528,378119.1855
1508784196.926548,378118.53528,378119.1855
1508784204.204223,378118.53528,378119.1855
1508784211.147608,378102.93000000005,378118.53528
1508784218.404655,378102.93000000005,378103.58022000006
1508784224.959911,378102.93000000005,378103.58022000006
1508784231.168414,378102.93000000005,378103.58022000006
1508784237.960527,378102.93000000005,378103.58022000006
1508784244.796261,378102.93000000005,378103.58022000006
1508784252.048454,377842.842,378102.27978000004
1508784258.221909,377909.1644400001,377909.81466000003
1508784265.457372,377909.1644400001,377940.37500000006
1508784272.160273,377909.1644400001,377940.37500000006
1508784279.053312,377909.1644400001,377940.37500000006
1508784285.840944,377911.76532000006,377940.37500000006
1508784293.948179,377901.3618,377939.07456
1508784301.276016,377920.21818,377920.86840000004
1508784308.64393,377920.21818,377920.86840000004
1508784315.53654,377778.4702200001,377885.1063
1508784323.325703,377778.4702200001,377842.19178
1508784329.894213,377778.4702200001,377805.12924000004
1508784336.5759,377777.82,377778.4702200001
1508784343.171247,377777.82,377778.4702200001
1508784350.122372,377457.91176000005,377920.21818
1508784357.328483,377468.31528000004,377669.23326
1508784364.128622,377473.51704,377665.98216
1508784371.342798,377483.92056,377666.63238
1508784377.558368,377506.67826,377667.28260000004
1508784383.781311,377665.98216,377666.63238
1508784391.043343,377665.98216,377666.63238
1508784399.950633,377665.98216,377666.63238
1508784407.738434,377665.98216,377666.63238
1508784417.196345,377665.98216,377666.63238
1508784425.018432,377665.98216,377666.63238
1508784432.316667,377665.98216,377666.63238
1508784439.267793,377665.98216,377666.63238
1508784445.85908,377665.98216,377666.63238
1508784452.063098,377777.16978,377777.82
1508784458.964731,377777.16978,377777.82
1508784465.199405,377777.16978,377777.82
1508784471.850618,378102.27978000004,378102.93000000005
1508784479.106402,378102.27978000004,378102.93000000005
1508784485.465644,378102.27978000004,378102.93000000005
1508784492.155856,378102.27978000004,378102.93000000005
1508784505.668998,378102.27978000004,378102.93000000005
1508784512.738247,378102.27978000004,378102.93000000005
1508784520.106676,378102.27978000004,378102.93000000005
1508784527.503159,378102.27978000004,378102.93000000005
1508784534.158504,378226.4718,378227.12202
1508784541.932585,378226.4718,378227.12202
1508784548.60334,378427.38978,378428.04000000004
1508784555.127331,378427.38978,378428.04000000004
1508784561.739057,378427.38978,378428.04000000004
1508784568.386041,378427.38978,378428.04000000004
1508784575.709021,378427.38978,378428.04000000004
1508784582.668105,378427.38978,378428.04000000004
1508784589.379652,378427.38978,378428.04000000004
1508784595.548769,378427.38978,378428.04000000004
1508784602.91381,378427.38978,378428.04000000004
1508784609.535851,378427.38978,378428.04000000004
1508784616.875003,378427.38978,378428.04000000004
1508784623.617632,378427.38978,378428.04000000004
1508784630.285501,378427.38978,378428.04000000004
1508784636.892182,378427.38978,378428.04000000004
1508784643.538343,378427.38978,378428.04000000004
1508784650.258017,378427.38978,378428.04000000004
1508784657.274294,378427.38978,378428.04000000004
1508784664.290016,378427.38978,378428.04000000004
1508784671.656058,378427.38978,378428.04000000004
1508784677.907512,378427.38978,378428.04000000004
1508784684.85344,378427.38978,378428.04000000004
1508784692.119003,378427.38978,378428.04000000004
1508784699.332403,378427.38978,378428.04000000004
1508784707.118708,378427.38978,378428.04000000004
1508784713.714184,378680.97558,378681.6258
1508784719.936615,378680.97558,378681.6258
1508784728.181981,378680.97558,378681.6258
1508784735.3376,378680.97558,378681.6258
1508784743.029058,378752.49978,378753.15
1508784749.90017,378752.49978,378753.15
1508784756.739204,378752.49978,378753.15
1508784762.954692,378752.49978,378753.15
1508784769.173954,378752.49978,378753.15
1508784775.737881,378757.70154000004,378808.41870000004
1508784783.067784,378805.81782000005,378875.39136000007
1508784789.302126,378805.81782000005,378869.53938000003
1508784795.967379,378753.15,378874.74114
1508784802.809617,378718.03812000004,378870.83982000005
1508784809.982004,378818.82222000003,378883.194
1508784817.262414,378876.0415800001,378881.89356
1508784823.449832,378818.172,378884.49444000004
1508784829.660299,378818.172,378874.74114
1508784835.8851,378535.97652,378536.62674000004
1508784845.838505,378535.97652,378591.89544000005
1508784852.445195,378535.97652,378536.62674000004
1508784858.631137,378102.93000000005,378136.09122000006
1508784864.817058,378102.27978000004,378102.93000000005
1508784871.390767,378102.27978000004,378102.93000000005
1508784878.603827,378102.27978000004,378102.93000000005
1508784885.293064,378089.27538,378091.87626000005
1508784892.436054,378102.27978000004,378104.2304400001
1508784898.714924,378111.38286,378278.4894
1508784906.075755,377778.4702200001,377966.3838
1508784917.309026,377810.331,377966.3838
1508784924.147199,378082.77318,378156.24804000003
1508784931.447206,378037.90800000005,378038.55822000006
1508784937.677926,378037.90800000005,378038.55822000006
1508784944.965119,378037.90800000005,378038.55822000006
1508784951.612353,378037.90800000005,378038.55822000006
1508784957.821352,378037.90800000005,378038.55822000006
1508784964.09711,378037.90800000005,378038.55822000006
1508784975.196231,377825.28606,378037.25778000004
1508784981.77403,377824.63584000006,377862.99882000004
1508784988.692151,377777.82,377861.69838
1508784996.056012,377843.4922200001,377863.64904
1508785003.261607,377846.74332000007,377888.35740000004
1508785010.601427,377843.4922200001,378039.2084400001
1508785017.724254,377884.45608000003,378039.2084400001
1508785026.169581,377849.34420000005,378039.2084400001
1508785033.248998,378035.95734,378036.60756
1508785040.194824,378141.29298,378237.52554
1508785046.899853,377851.29486,378214.11762000003
1508785053.13498,377856.49662000005,378212.81718
1508785059.320697,377861.69838,378206.96520000004
1508785065.939219,377881.20498000004,378201.11322000006
1508785072.745456,377922.16884000006,378203.06388000003
1508785078.948036,377954.67984000006,378202.41366
1508785085.221588,377928.67104,378201.76344000007
1508785091.937436,378167.95200000005,378196.56168
1508785098.713774,378169.90266,378196.56168
1508785106.04223,378195.91146000003,378196.56168
1508785112.291216,378195.91146000003,378196.56168
1508785119.454915,378195.91146000003,378196.56168
1508785125.627236,378249.2295,378253.1308200001
1508785131.886338,378252.48060000007,378253.1308200001
1508785139.789806,378322.05414,378428.04000000004
1508785147.617017,378404.63208000007,378428.04000000004
1508785154.820815,378427.38978,378428.04000000004
1508785161.271832,378427.38978,378428.04000000004
1508785167.889194,378427.38978,378428.04000000004
1508785174.097053,378427.38978,378428.04000000004
1508785180.916785,378427.38978,378428.04000000004
1508785187.60374,378427.38978,378428.04000000004
1508785195.570708,378427.38978,378428.04000000004
1508785201.773002,378427.38978,378428.04000000004
1508785208.642715,378427.38978,378428.04000000004
1508785215.426935,378427.38978,378428.04000000004
1508785222.980275,378427.38978,378428.04000000004
1508785229.80223,378427.38978,378428.04000000004
1508785236.44893,378427.38978,378428.04000000004
1508785243.364195,378228.42246000003,378250.52994000004
1508785250.560191,378230.37312000006,378252.48060000007
1508785258.452265,378232.32378000004,378251.83038000006
1508785265.153793,378233.62422000006,378251.18016
1508785272.06282,378240.12642,378251.18016
1508785278.632194,378246.62862000003,378251.18016
1508785285.40383,378250.52994000004,378251.18016
1508785291.566552,378252.48060000007,378253.1308200001
1508785298.335363,378252.48060000007,378253.1308200001
1508785305.450465,378252.48060000007,378253.1308200001
1508785312.789742,378252.48060000007,378253.1308200001
1508785319.690191,378252.48060000007,378253.1308200001
1508785326.301615,378290.19336000003,378290.84358000004
1508785333.387524,378290.19336000003,378290.84358000004
1508785340.741082,378290.19336000003,378290.84358000004
1508785346.929692,378290.19336000003,378290.84358000004
1508785354.257478,378290.19336000003,378290.84358000004
1508785361.324565,378346.7625,378426.08934000006
1508785369.118926,378425.43912000005,378426.08934000006
1508785376.312949,378425.43912000005,378426.08934000006
1508785383.728642,378425.43912000005,378426.08934000006
1508785391.606007,378425.43912000005,378426.08934000006
1508785398.170918,378425.43912000005,378426.08934000006
1508785405.376656,378425.43912000005,378426.08934000006
1508785411.622062,378425.43912000005,378426.08934000006
1508785418.430595,378425.43912000005,378426.08934000006
1508785425.325052,378425.43912000005,378426.08934000006
1508785432.698637,378425.43912000005,378426.08934000006
1508785439.660221,378425.43912000005,378426.08934000006
1508785447.159657,378425.43912000005,378426.08934000006
1508785453.348579,378425.43912000005,378426.08934000006
1508785459.579749,378425.43912000005,378426.08934000006
1508785465.78124,378425.43912000005,378426.08934000006
1508785472.046576,378425.43912000005,378426.08934000006
1508785478.250447,378425.43912000005,378426.08934000006
1508785485.495895,378425.43912000005,378426.08934000006
1508785492.77469,378425.43912000005,378426.08934000006
1508785499.385327,378425.43912000005,378426.08934000006
1508785506.734821,378425.43912000005,378426.08934000006
1508785512.918789,378425.43912000005,378426.08934000006
1508785519.746918,378425.43912000005,378426.08934000006
1508785526.462957,378425.43912000005,378426.08934000006
1508785533.766005,378425.43912000005,378426.08934000006
1508785540.013627,378425.43912000005,378426.08934000006
1508785547.268233,378425.43912000005,378426.08934000006
1508785554.249015,378425.43912000005,378426.08934000006
1508785560.582525,378425.43912000005,378426.08934000006
1508785566.817485,378425.43912000005,378426.08934000006
1508785573.021152,378425.43912000005,378426.08934000006
1508785580.45534,378425.43912000005,378426.08934000006
1508785590.115455,378425.43912000005,378426.08934000006
1508785596.691591,378425.43912000005,378426.08934000006
1508785604.733241,378425.43912000005,378426.08934000006
1508785612.102313,378425.43912000005,378426.08934000006
1508785619.935047,378425.43912000005,378426.08934000006
1508785626.84863,378425.43912000005,378426.08934000006
1508785633.433719,378425.43912000005,378426.08934000006
1508785640.087032,378425.43912000005,378426.08934000006
1508785646.686437,378425.43912000005,378426.08934000006
1508785653.096252,378425.43912000005,378426.08934000006
1508785659.74586,378427.38978,378428.04000000004
1508785667.121329,378427.38978,378428.04000000004
1508785673.797004,378427.38978,378428.04000000004
1508785680.099861,378427.38978,378428.04000000004
1508785686.699402,378427.38978,378428.04000000004
1508785694.741123,378427.38978,378428.04000000004
1508785703.805738,378427.38978,378428.04000000004
1508785710.042641,378427.38978,378428.04000000004
1508785716.846175,378427.38978,378428.04000000004
1508785724.096975,378427.38978,378428.04000000004
1508785730.696274,378427.38978,378428.04000000004
1508785737.332331,378427.38978,378428.04000000004
1508785744.609663,378427.38978,378428.04000000004
1508785751.573378,378427.38978,378428.04000000004
1508785758.46131,378427.38978,378428.04000000004
1508785765.805025,378427.38978,378428.04000000004
1508785773.024693,378427.38978,378428.04000000004
1508785779.687438,378427.38978,378428.04000000004
1508785785.879234,378427.38978,378428.04000000004
1508785792.580535,378427.38978,378428.04000000004
1508785799.171654,378427.38978,378428.04000000004
1508785805.362805,378427.38978,378428.04000000004
1508785812.514115,378427.38978,378428.04000000004
1508785819.314305,378427.38978,378428.04000000004
1508785826.207414,378427.38978,378428.04000000004
1508785835.022929,378427.38978,378428.04000000004
1508785842.768248,378427.38978,378428.04000000004
1508785850.311308,378427.38978,378428.04000000004
1508785857.076547,378427.38978,378428.04000000004
1508785865.081852,378427.38978,378428.04000000004
1508785871.752543,378427.38978,378428.04000000004
1508785878.333876,378427.38978,378428.04000000004
1508785885.535368,378427.38978,378428.04000000004
1508785891.742767,378427.38978,378428.04000000004
1508785899.059002,378427.38978,378428.04000000004
1508785905.245472,378427.38978,378428.04000000004
1508785911.797442,378427.38978,378428.04000000004
1508785919.612175,378427.38978,378428.04000000004
1508785926.881527,378427.38978,378428.04000000004
1508785934.461463,378427.38978,378428.04000000004
1508785944.371943,378427.38978,378428.04000000004
1508785951.561663,378427.38978,378428.04000000004
1508785957.76489,378427.38978,378428.04000000004
1508785964.361634,378499.5642000001,378500.21442000003
1508785971.183378,378499.5642000001,378500.21442000003
1508785978.389505,378647.81436,378688.128
1508785985.461875,378686.82756,378688.128
1508785992.423027,378608.1509400001,378687.47778
1508785998.922577,378614.00292,378684.87690000003
1508786005.833711,378615.30336,378615.95358000003
1508786012.412703,378615.30336,378615.95358000003
1508786019.213761,378615.30336,378615.95358000003
1508786025.777535,378615.30336,378615.95358000003
1508786032.766435,378615.30336,378615.95358000003
1508786039.928477,378615.30336,378615.95358000003
1508786047.102679,378615.30336,378615.95358000003
1508786053.710876,378615.30336,378615.95358000003
1508786063.457732,378615.30336,378615.95358000003
1508786070.653422,378615.30336,378615.95358000003
1508786077.352062,378615.30336,378615.95358000003
1508786083.957608,378615.30336,378615.95358000003
1508786091.237997,378615.30336,378615.95358000003
1508786097.952063,378615.30336,378615.95358000003
1508786105.236606,378615.30336,378615.95358000003
1508786111.951412,378687.47778,378688.128
1508786118.780274,378687.47778,378688.128
1508786125.488791,378687.47778,378688.128
1508786132.403854,378885.79488,378886.44510000007
1508786138.751501,378885.79488,378886.44510000007
1508786145.609167,378947.56578,378948.216
1508786152.47447,378947.56578,378948.216
1508786159.334214,378947.56578,378948.216
1508786165.683934,379077.60978,379078.26
1508786174.426173,379077.60978,379078.26
1508786181.068721,379077.60978,379078.26
1508786187.734895,379282.42908000003,379283.0793
1508786195.077985,379337.69778000005,379338.34800000006
1508786201.95632,379727.17956,379727.82978000003
1508786208.56915,379727.17956,379727.82978000003
1508786215.963492,379727.17956,379727.82978000003
1508786223.083321,379727.17956,379727.82978000003
1508786229.716093,379727.17956,379727.82978000003
1508786239.745751,379727.17956,379727.82978000003
1508786246.604689,379727.17956,379727.82978000003
1508786253.851666,379727.17956,379727.82978000003
1508786260.450558,379727.17956,379727.82978000003
1508786267.087883,379727.17956,379727.82978000003
1508786273.793198,379727.17956,379727.82978000003
1508786280.007079,379727.17956,379727.82978000003
1508786286.77008,379726.52934000007,379727.17956
1508786293.479725,379403.37000000005,379404.02022000006
1508786300.750505,379403.37000000005,379404.02022000006
1508786307.542961,379403.37000000005,379404.02022000006
1508786315.125697,379403.37000000005,379404.02022000006
1508786321.748267,379403.37000000005,379404.02022000006
1508786328.992957,379245.36654,379246.01676
1508786336.193295,379245.36654,379246.01676
1508786343.345775,379245.36654,379246.01676
1508786349.554152,379245.36654,379246.01676
1508786356.698138,379245.36654,379246.01676
1508786364.136035,379245.36654,379246.01676
1508786370.30667,379245.36654,379246.01676
1508786376.512643,379245.36654,379246.01676
1508786382.68794,379245.36654,379246.01676
1508786389.24799,379245.36654,379246.01676
1508786396.866371,379245.36654,379246.01676
1508786403.864389,379245.36654,379246.01676
1508786410.435216,379143.282,379143.9322200001
1508786417.06146,379143.282,379143.9322200001
1508786423.613658,379143.282,379143.9322200001
1508786430.423794,379143.282,379143.9322200001
1508786437.742931,379143.282,379143.9322200001
1508786444.013129,378985.27854,379000.23360000004
1508786450.750348,378999.58338,379000.23360000004
1508786456.956655,378999.58338,379000.23360000004
1508786463.587508,378999.58338,379000.23360000004
1508786470.941267,378999.58338,379000.23360000004
1508786478.265521,378999.58338,379000.23360000004
1508786484.50434,378999.58338,379000.23360000004
1508786491.083322,378999.58338,379000.23360000004
1508786498.340268,378999.58338,379000.23360000004
1508786505.961218,379000.23360000004,379000.88382000005
1508786512.513512,379000.23360000004,379000.88382000005
1508786519.093229,379000.23360000004,379000.88382000005
1508786525.78043,379000.23360000004,379000.88382000005
1508786532.581232,379000.23360000004,379000.88382000005
1508786540.040658,379143.282,379143.9322200001
1508786547.463185,379143.282,379143.9322200001
1508786554.098389,379143.282,379143.9322200001
1508786560.963132,379143.282,379143.9322200001
1508786567.810853,379727.17956,379727.82978000003
1508786574.393274,379727.17956,379727.82978000003
1508786580.597176,379727.17956,379727.82978000003
1508786587.469777,379727.17956,379727.82978000003
1508786595.85964,379727.17956,379727.82978000003
1508786602.443341,379906.64028,379907.29050000006
1508786609.795699,379906.64028,379907.29050000006
1508786616.359469,379987.91778,379988.568
1508786623.722088,379987.91778,379988.568
1508786631.03853,380052.93978,380053.59
1508786637.63547,380052.93978,380053.59
1508786644.177038,380052.93978,380053.59
1508786651.437142,380073.74682000006,380074.39704
1508786658.065362,380073.74682000006,380074.39704
1508786665.368595,380179.73268,380180.3829
1508786671.584926,380179.73268,380180.3829
1508786678.353459,380378.04978,380378.7
1508786685.64464,380378.04978,380378.7
1508786692.247257,380378.04978,380378.7
1508786698.430372,381028.26978000003,381028.92000000004
1508786705.742983,381028.26978000003,381028.92000000004
1508786712.632102,381028.26978000003,381028.92000000004
1508786719.951797,381028.26978000003,381028.92000000004
1508786726.298175,381122.55168000003,381123.20190000004
1508786733.23104,381122.55168000003,381123.20190000004
1508786739.433679,381122.55168000003,381123.20190000004
1508786746.80659,381122.55168000003,381123.20190000004
1508786753.562297,381122.55168000003,381123.20190000004
1508786761.070566,381122.55168000003,381123.20190000004
1508786767.668804,381122.55168000003,381123.20190000004
1508786774.55472,381122.55168000003,381123.20190000004
1508786782.318513,381122.55168000003,381123.20190000004
1508786789.636192,381122.55168000003,381123.20190000004
1508786796.983673,381122.55168000003,381123.20190000004
1508786803.599323,381122.55168000003,381123.20190000004
1508786810.699535,381122.55168000003,381123.20190000004
1508786818.40462,381142.7085,381143.35872
1508786826.106605,381142.7085,381143.35872
1508786834.256411,381142.7085,381143.35872
1508786840.986496,381142.7085,381143.35872
1508786848.264691,381142.7085,381143.35872
1508786855.660822,381142.7085,381143.35872
1508786862.316166,381142.7085,381143.35872
1508786868.548723,381142.7085,381143.35872
1508786875.985074,381142.7085,381143.35872
1508786883.356801,381142.7085,381143.35872
1508786889.558613,381142.7085,381143.35872
1508786901.398504,381142.7085,381143.35872
1508786908.165637,381142.7085,381143.35872
1508786915.422853,381142.7085,381143.35872
1508786922.755989,381142.7085,381143.35872
1508786929.399477,381142.7085,381143.35872
1508786936.283213,381142.7085,381143.35872
1508786942.838981,381142.7085,381143.35872
1508786949.724031,381142.7085,381143.35872
1508786955.907316,381142.7085,381143.35872
1508786962.479973,381142.7085,381143.35872
1508786969.160175,381142.7085,381143.35872
1508786975.357706,381142.7085,381143.35872
1508786981.954067,381142.7085,381143.35872
1508786990.986255,381142.7085,381143.35872
1508786997.5915,381142.7085,381143.35872
1508787004.43225,381142.7085,381143.35872
1508787010.735079,381142.7085,381143.35872
1508787017.348233,381142.7085,381143.35872
1508787026.164568,381142.7085,381143.35872
1508787032.771849,381142.7085,381143.35872
1508787040.038162,381142.7085,381143.35872
1508787046.650088,381142.7085,381143.35872
1508787052.862298,381142.7085,381143.35872
1508787059.773977,381142.7085,381143.35872
1508787066.437875,381142.7085,381143.35872
1508787073.079853,381142.7085,381143.35872
1508787080.451839,381142.7085,381143.35872
1508787087.802744,381142.7085,381143.35872
1508787094.402845,381142.7085,381143.35872
1508787101.025876,381142.7085,381143.35872
1508787108.202977,381142.7085,381143.35872
1508787115.081098,381142.7085,381143.35872
1508787122.409857,381142.7085,381143.35872
1508787129.514419,381142.7085,381143.35872
1508787141.558546,381142.7085,381143.35872
1508787148.364825,381142.7085,381143.35872
1508787154.951047,381142.7085,381143.35872
1508787161.834187,381142.7085,381143.35872
1508787168.428432,381142.7085,381143.35872
1508787175.698643,381142.7085,381143.35872
1508787182.313933,381142.7085,381143.35872
1508787189.49048,381142.7085,381143.35872
1508787196.819716,381142.7085,381143.35872
1508787204.099692,381142.7085,381143.35872
1508787211.600647,381142.7085,381143.35872
1508787217.829692,381142.7085,381143.35872
1508787224.209945,381142.7085,381143.35872
1508787231.015754,381142.7085,381143.35872
1508787238.595498,381142.7085,381143.35872
1508787244.797603,381142.7085,381143.35872
1508787251.23721,381142.7085,381143.35872
1508787257.838656,381142.7085,381143.35872
1508787265.156707,381142.7085,381143.35872
1508787271.879888,381158.31378,381158.96400000004
1508787279.186747,381158.31378,381158.96400000004
1508787285.773367,381158.31378,381158.96400000004
1508787292.94741,381158.31378,381158.96400000004
1508787299.775202,381673.28802000004,381673.93824000005
1508787306.34789,381673.28802000004,381673.93824000005
1508787312.99512,381673.28802000004,381673.93824000005
1508787323.422811,381673.28802000004,381673.93824000005
1508787330.650453,381677.83956,381678.48978
1508787337.450381,381678.48978,381679.14
1508787344.146782,381938.57778,381939.22800000006
1508787350.933803,381938.57778,381939.22800000006
1508787358.481709,381938.57778,381939.22800000006
1508787365.318938,382003.59978,382004.25000000006
1508787372.476018,382003.59978,382004.25000000006
1508787379.773637,382003.59978,382004.25000000006
1508787387.107247,382003.59978,382004.25000000006
1508787393.293048,382003.59978,382004.25000000006
1508787399.872601,382003.59978,382004.25000000006
1508787407.304349,382003.59978,382004.25000000006
1508787413.975276,382003.59978,382004.25000000006
1508787421.140341,382003.59978,382004.25000000006
1508787428.004396,382003.59978,382004.25000000006
1508787435.349288,382003.59978,382004.25000000006
1508787446.264713,382003.59978,382004.25000000006
1508787452.86355,382003.59978,382004.25000000006
1508787459.540268,382003.59978,382004.25000000006
1508787466.238052,382003.59978,382004.25000000006
1508787473.791067,382003.59978,382004.25000000006
1508787479.984254,382003.59978,382004.25000000006
1508787487.22419,382003.59978,382004.25000000006
1508787494.202552,382003.59978,382004.25000000006
1508787502.013247,382003.59978,382004.25000000006
1508787508.904564,382003.59978,382004.25000000006
1508787515.758415,382003.59978,382004.25000000006
1508787522.571233,382003.59978,382004.25000000006
1508787529.245849,382003.59978,382004.25000000006
1508787536.518062,382223.37414,382224.02436000004
1508787545.862529,382223.37414,382224.02436000004
1508787553.140383,382223.37414,382224.02436000004
1508787560.336715,382226.62524,382227.27546000003
1508787566.992444,382226.62524,382227.27546000003
1508787573.214995,382226.62524,382227.27546000003
1508787579.977613,382256.53536000004,382257.18558000005
1508787586.757848,382256.53536000004,382257.18558000005
1508787594.172803,382256.53536000004,382257.18558000005
1508787600.910962,382256.53536000004,382257.18558000005
1508787607.509179,382256.53536000004,382257.18558000005
1508787615.06178,382256.53536000004,382257.18558000005
1508787622.27711,382256.53536000004,382257.18558000005
1508787630.074806,382256.53536000004,382257.18558000005
1508787637.14947,382256.53536000004,382257.18558000005
1508787643.38479,382256.53536000004,382257.18558000005
1508787649.554561,382256.53536000004,382257.18558000005
1508787656.841533,382256.53536000004,382257.18558000005
1508787664.885764,382256.53536000004,382257.18558000005
1508787671.519265,382256.53536000004,382257.18558000005
1508787678.44889,382256.53536000004,382257.18558000005
1508787685.047761,382256.53536000004,382257.18558000005
1508787691.698825,382256.53536000004,382257.18558000005
1508787698.338159,382256.53536000004,382257.18558000005
1508787704.559658,382256.53536000004,382257.18558000005
1508787711.147315,382256.53536000004,382257.18558000005
1508787718.793892,382256.53536000004,382257.18558000005
1508787725.886234,382256.53536000004,382257.18558000005
1508787732.241848,382256.53536000004,382257.18558000005
1508787739.069048,382256.53536000004,382257.18558000005
1508787746.443836,382256.53536000004,382257.18558000005
1508787754.205146,382256.53536000004,382257.18558000005
1508787764.768681,382256.53536000004,382257.18558000005
1508787771.371024,382256.53536000004,382257.18558000005
1508787778.290308,382328.05956,382328.70978000003
1508787784.870196,382328.05956,382328.70978000003
1508787791.10715,382328.05956,382328.70978000003
1508787798.354388,382328.05956,382328.70978000003
1508787804.932004,382328.05956,382328.70978000003
1508787811.516521,382328.05956,382328.70978000003
1508787818.84064,382328.05956,382328.70978000003
1508787825.480907,382328.05956,382328.70978000003
1508787832.329269,382328.05956,382328.70978000003
1508787838.93025,382328.05956,382328.70978000003
1508787847.268536,382328.05956,382328.70978000003
1508787854.48444,382328.05956,382328.70978000003
1508787860.752684,382328.05956,382328.70978000003
1508787868.033033,382328.05956,382328.70978000003
1508787874.230952,382328.05956,382328.70978000003
1508787880.931788,382328.05956,382328.70978000003
1508787887.774247,382328.05956,382328.70978000003
1508787894.023499,382328.05956,382328.70978000003
1508787900.5814,382328.05956,382328.70978000003
1508787909.670063,382328.05956,382328.70978000003
1508787915.839244,382328.05956,382328.70978000003
1508787922.672561,382328.05956,382328.70978000003
1508787929.404922,382328.05956,382328.70978000003
1508787936.001536,382328.05956,382328.70978000003
1508787942.686443,382328.05956,382328.70978000003
1508787949.266454,382328.05956,382328.70978000003
1508787956.569493,382328.05956,382328.70978000003
1508787964.260376,382328.05956,382328.70978000003
1508787970.515552,382328.05956,382328.70978000003
1508787977.720914,382328.05956,382328.70978000003
1508787983.887705,382328.05956,382328.70978000003
1508787990.156293,382328.05956,382328.70978000003
1508787997.353641,382328.70978000003,382329.36000000004
1508788003.6558,382342.3644,382343.01462000003
1508788010.973523,382357.96968,382358.61990000005
1508788018.164979,382357.96968,382358.61990000005
1508788025.994038,382386.57936000003,382387.22958000004
1508788032.598986,382386.57936000003,382387.22958000004
1508788039.935121,382386.57936000003,382387.22958000004
1508788046.886817,382386.57936000003,382387.22958000004
1508788054.241325,382386.57936000003,382387.22958000004
1508788062.180732,382386.57936000003,382387.22958000004
1508788069.442887,382386.57936000003,382387.22958000004
1508788081.06613,382393.73178000003,382394.38200000004
1508788087.763508,382393.73178000003,382394.38200000004
1508788095.216443,382588.79778,382589.44800000003
1508788102.388474,382588.79778,382589.44800000003
1508788109.658828,382588.79778,382589.44800000003
1508788115.850915,382588.79778,382589.44800000003
