1508702684.444333,384507.49590000004,384508.14600000007
1508702691.803675,384507.49590000004,384508.14600000007
1508702698.982375,384507.49590000004,384508.14600000007
1508702706.248614,384507.49590000004,384508.14600000007
1508702713.070624,384406.7304,384407.3805
1508702720.384069,383917.85520000005,383918.5053
1508702727.65885,383917.85520000005,383918.5053
1508702734.256004,383917.85520000005,383918.5053
1508702740.885181,383918.5053,383949.06000000006
1508702748.148948,383918.5053,383919.15540000005
1508702754.805865,383918.5053,383919.15540000005
1508702762.163769,383918.5053,383919.15540000005
1508702768.926895,383918.5053,383949.06000000006
1508702775.554307,383921.75580000004,384189.597
1508702782.14235,383928.9069,383929.55700000003
1508702789.339911,383928.9069,383929.55700000003
1508702796.676924,383928.9069,383929.55700000003
1508702803.510212,383928.9069,383929.55700000003
1508702810.741958,383928.9069,383929.55700000003
1508702818.078779,383945.80950000003,384066.72810000007
1508702824.936284,384189.597,384190.24710000004
1508702833.844936,384189.597,384190.24710000004
1508702840.6481,384189.597,384190.24710000004
1508702847.886983,384189.597,384190.24710000004
1508702855.077133,384189.597,384190.24710000004
1508702862.275419,384189.597,384190.24710000004
1508702869.487765,384189.597,384190.24710000004
1508702876.301084,384189.597,384190.24710000004
1508702883.021488,384189.597,384190.24710000004
1508702890.324895,384189.597,384190.24710000004
1508702896.485073,384189.597,384190.24710000004
1508702903.206309,384189.597,384190.24710000004
1508702910.590293,384189.597,384190.24710000004
1508702917.818904,384189.597,384190.24710000004
1508702925.18984,384189.597,384190.24710000004
1508702932.405376,384189.597,384190.24710000004
1508702939.612701,384189.597,384190.24710000004
1508702946.204706,384189.597,384190.24710000004
1508702953.524932,384189.597,384190.24710000004
1508702960.879271,384189.597,384190.24710000004
1508702968.295537,384189.597,384190.24710000004
1508702974.864805,384189.597,384190.24710000004
1508702982.428317,384189.597,384190.24710000004
1508702989.121696,384189.597,384190.24710000004
1508702996.407364,384189.597,384190.24710000004
1508703004.242623,384189.597,384190.24710000004
1508703011.107449,384189.597,384190.24710000004
1508703017.962176,384655.7187,384656.36880000005
1508703027.487953,384655.7187,384656.36880000005
1508703034.976309,384935.91180000006,384936.56190000003
1508703042.234489,384935.91180000006,384936.56190000003
1508703049.491485,384935.91180000006,384936.56190000003
1508703056.77297,384935.91180000006,384936.56190000003
1508703064.144454,385084.13460000005,385084.7847
1508703071.367063,385084.13460000005,385084.7847
1508703078.231299,385084.13460000005,385084.7847
1508703085.37855,385084.13460000005,385084.7847
1508703092.714346,385084.13460000005,385084.7847
1508703099.472087,385084.13460000005,385084.7847
1508703105.661591,385084.13460000005,385084.7847
1508703112.515918,385084.13460000005,385084.7847
1508703119.955402,385084.13460000005,385084.7847
1508703127.329063,385084.13460000005,385084.7847
1508703136.001924,385084.13460000005,385084.7847
1508703142.822547,385084.13460000005,385084.7847
1508703150.056981,385084.13460000005,385084.7847
1508703156.877253,385084.13460000005,385084.7847
1508703164.10044,385084.13460000005,385084.7847
1508703170.780125,385084.13460000005,385084.7847
1508703178.119083,385084.13460000005,385084.7847
1508703184.77495,385084.13460000005,385084.7847
1508703192.145967,385084.13460000005,385084.7847
1508703200.131614,385084.13460000005,385084.7847
1508703207.318619,385084.13460000005,385084.7847
1508703214.615496,385084.13460000005,385084.7847
1508703221.390526,385084.13460000005,385084.7847
1508703228.293176,385084.13460000005,385084.7847
1508703235.610411,385084.13460000005,385084.7847
1508703241.804169,385084.13460000005,385084.7847
1508703248.624015,385084.13460000005,385084.7847
1508703255.707548,385084.13460000005,385084.7847
1508703262.570901,385084.13460000005,385084.7847
1508703269.745337,385084.13460000005,385084.7847
1508703276.515592,385084.13460000005,385084.7847
1508703283.706858,385084.13460000005,385084.7847
1508703291.330382,385084.13460000005,385084.7847
1508703298.642168,385118.5899,385119.24000000005
1508703306.181384,385183.59990000003,385184.25000000006
1508703314.104538,385183.59990000003,385184.25000000006
1508703320.284547,385183.59990000003,385184.25000000006
1508703326.947476,385357.1766,385357.82670000003
1508703333.8705,385508.6499,385509.30000000005
1508703341.09804,385508.6499,385509.30000000005
1508703348.389567,385508.6499,385509.30000000005
1508703354.63006,385508.6499,385509.30000000005
1508703360.799121,385508.6499,385509.30000000005
1508703370.236827,385508.6499,385509.30000000005
1508703377.032047,385508.6499,385509.30000000005
1508703384.56646,385508.6499,385509.30000000005
1508703391.147789,385508.6499,385509.30000000005
1508703401.786026,385508.6499,385509.30000000005
1508703409.064783,385508.6499,385509.30000000005
1508703415.652952,385508.6499,385509.30000000005
1508703423.46918,385508.6499,385509.30000000005
1508703430.492051,385508.6499,385509.30000000005
1508703438.829666,385508.6499,385509.30000000005
1508703446.002034,385508.6499,385509.30000000005
1508703452.648304,385508.6499,385509.30000000005
1508703459.24602,385508.6499,385509.30000000005
1508703466.477134,385508.6499,385509.30000000005
1508703472.758738,385184.25000000006,385184.9001
1508703481.650318,385084.13460000005,385084.7847
1508703488.333295,384352.12200000003,384352.77210000006
1508703495.541925,384281.91120000003,384282.56130000006
1508703503.445803,384281.91120000003,384282.56130000006
1508703510.662692,384281.91120000003,384282.56130000006
1508703517.677931,384281.91120000003,384282.56130000006
1508703524.540696,384209.75010000006,384210.40020000003
1508703530.721954,384209.75010000006,384210.40020000003
1508703537.551108,384209.75010000006,384210.40020000003
1508703543.782997,384209.75010000006,384210.40020000003
1508703551.119845,384246.80580000003,384729.18000000005
1508703558.332014,384839.69700000004,384924.21
1508703565.690415,384945.6633,384946.31340000004
1508703573.07437,384945.6633,384946.31340000004
1508703580.372538,384945.6633,384946.31340000004
1508703587.717334,384945.6633,384946.31340000004
1508703595.0548,384945.6633,384946.31340000004
1508703602.361257,384945.6633,384946.31340000004
1508703609.600154,384945.6633,384946.31340000004
1508703623.220078,384945.6633,384946.31340000004
1508703629.818451,384945.6633,384946.31340000004
1508703637.124762,384945.6633,384946.31340000004
1508703644.447198,384945.6633,384946.31340000004
1508703651.035488,384945.6633,384946.31340000004
1508703657.643843,384945.6633,384946.31340000004
1508703665.034795,384945.6633,384946.31340000004
1508703671.830169,384945.6633,384946.31340000004
1508703679.164895,384945.6633,384946.31340000004
1508703685.386789,384945.6633,384946.31340000004
1508703692.683053,384945.6633,384946.31340000004
1508703704.485574,384945.6633,384946.31340000004
1508703711.687451,384945.6633,384946.31340000004
1508703718.25539,384945.6633,384946.31340000004
1508703726.062887,384945.6633,384946.31340000004
1508703732.620322,384945.6633,384946.31340000004
1508703741.6313,384945.6633,384946.31340000004
1508703752.382255,384945.6633,384946.31340000004
1508703759.240381,384945.6633,384946.31340000004
1508703766.10173,384945.6633,384946.31340000004
1508703773.296438,384945.6633,384946.31340000004
1508703779.972121,384945.6633,384946.31340000004
1508703787.402284,384945.6633,384946.31340000004
1508703795.314291,384945.6633,384946.31340000004
1508703802.472237,384945.6633,384946.31340000004
1508703809.827423,384945.6633,384946.31340000004
1508703816.608958,384945.6633,384946.31340000004
1508703823.962124,384945.6633,384946.31340000004
1508703830.170641,384945.6633,384946.31340000004
1508703836.796097,384945.6633,384946.31340000004
1508703844.071681,384945.6633,384946.31340000004
1508703851.403672,384945.6633,384946.31340000004
1508703860.644531,384945.6633,384946.31340000004
1508703867.19251,384945.6633,384946.31340000004
1508703874.543796,384945.6633,384946.31340000004
1508703880.698255,384945.6633,384946.31340000004
1508703888.05954,384945.6633,384946.31340000004
1508703896.254509,384945.6633,384946.31340000004
1508703902.503174,384945.6633,384946.31340000004
1508703909.075478,384945.6633,384946.31340000004
1508703916.318202,384945.6633,384946.31340000004
1508703923.726937,384945.6633,384946.31340000004
1508703930.917567,384945.6633,384946.31340000004
1508703937.573071,384945.6633,384946.31340000004
1508703943.754866,384945.6633,384946.31340000004
1508703950.650421,384945.6633,384946.31340000004
1508703957.439942,384945.6633,384946.31340000004
1508703964.015111,384945.6633,384946.31340000004
1508703971.215664,384945.6633,384946.31340000004
1508703978.63648,384945.6633,384946.31340000004
1508703985.935181,384945.6633,384946.31340000004
1508703994.164559,384945.6633,384946.31340000004
1508704001.453034,384945.6633,384946.31340000004
1508704008.743621,384945.6633,384946.31340000004
1508704015.98062,384945.6633,384946.31340000004
1508704022.2345,384945.6633,384946.31340000004
1508704030.198602,384945.6633,384946.31340000004
1508704036.853599,384945.6633,384946.31340000004
1508704047.607858,384945.6633,384946.31340000004
1508704054.757158,384945.6633,384946.31340000004
1508704064.599937,384945.6633,384946.31340000004
1508704071.959876,384972.3174,384979.4685000001
1508704078.811936,384985.3194,384985.9695
1508704086.023697,384985.3194,384985.9695
1508704093.482865,384985.3194,384985.9695
1508704100.072144,384985.3194,384985.9695
1508704107.336519,384985.3194,384985.9695
1508704115.185975,384985.3194,384985.9695
1508704122.450791,384985.3194,384985.9695
1508704129.011567,384985.3194,384985.9695
1508704136.384101,384985.3194,384985.9695
1508704143.683966,384985.3194,384985.9695
1508704151.029251,384985.3194,384985.9695
1508704157.601195,384985.3194,384985.9695
1508704164.196141,384985.3194,384985.9695
1508704171.615692,384985.3194,384985.9695
1508704178.434723,384985.3194,384985.9695
1508704185.047073,384985.3194,384985.9695
1508704193.111658,384985.3194,384985.9695
1508704200.485686,384985.3194,384985.9695
1508704207.861355,384859.85010000004,384860.50020000007
1508704215.230924,384309.21540000004,384383.9769
1508704222.403327,384336.51960000006,384846.84810000006
1508704229.777853,384393.7284,384456.13800000004
1508704236.53803,384449.63700000005,384582.90750000003
1508704243.715535,384531.5496,384577.70670000004
1508704254.245724,384584.8578,384720.72870000004
1508704261.51811,384638.166,384986.61960000003
1508704268.906788,384681.72270000004,384682.3728
1508704275.469673,384681.72270000004,384682.3728
1508704282.41428,384681.72270000004,384682.3728
1508704289.10709,384681.72270000004,384682.3728
1508704296.440473,384681.72270000004,384682.3728
1508704303.234589,384681.72270000004,384682.3728
1508704310.569481,384681.72270000004,384682.3728
1508704317.346038,384681.72270000004,384682.3728
1508704323.918462,384681.72270000004,384682.3728
1508704333.092557,384681.72270000004,384682.3728
1508704342.21636,384681.72270000004,384682.3728
1508704350.406341,384681.72270000004,384682.3728
1508704356.976812,384681.72270000004,384682.3728
1508704364.234147,384681.72270000004,384682.3728
1508704371.706879,384681.72270000004,384682.3728
1508704378.949219,384681.72270000004,384682.3728
1508704386.242908,384681.72270000004,384682.3728
1508704392.907336,384792.8898,384793.53990000003
1508704399.712733,384792.8898,384793.53990000003
1508704406.61826,384792.8898,384793.53990000003
1508704413.190249,384792.8898,384793.53990000003
1508704420.553362,384792.8898,384793.53990000003
1508704427.747396,384792.8898,384793.53990000003
1508704434.989483,384792.8898,384793.53990000003
1508704441.561523,384792.8898,384793.53990000003
1508704448.918019,384792.8898,384793.53990000003
1508704455.715413,384792.8898,384793.53990000003
1508704462.980392,384792.8898,384793.53990000003
1508704470.242089,384716.82810000004,384790.2894
1508704477.687843,384729.18000000005,384788.33910000004
1508704485.064219,384733.7307,384740.88180000003
1508704492.287215,384740.88180000003,384741.5319
1508704498.949773,384749.9832,384792.8898
1508704506.158577,384791.5896,384792.23970000003
1508704512.737124,384740.88180000003,384741.5319
1508704520.006759,384740.88180000003,384741.5319
1508704526.664713,384740.88180000003,384741.5319
1508704533.597328,384703.17600000004,384741.5319
1508704540.823286,384712.2774,384739.58160000003
1508704547.4806,384703.17600000004,384703.8261
1508704554.686849,384703.17600000004,384703.8261
1508704561.965806,384703.17600000004,384703.8261
1508704569.115741,384703.17600000004,384703.8261
1508704575.93265,384703.17600000004,384703.8261
1508704582.592462,384703.17600000004,384703.8261
1508704596.067151,384703.17600000004,384703.8261
1508704603.048036,384703.17600000004,384703.8261
1508704610.258577,384703.17600000004,384703.8261
1508704617.437894,384703.17600000004,384703.8261
1508704624.638524,384703.17600000004,384703.8261
1508704632.727551,384703.17600000004,384703.8261
1508704639.311586,384703.17600000004,384703.8261
1508704645.880203,384703.17600000004,384703.8261
1508704654.226115,384703.17600000004,384703.8261
1508704661.440019,384714.22770000005,384714.8778
1508704667.661648,384714.22770000005,384714.8778
1508704674.227989,384714.22770000005,384714.8778
1508704680.872243,384714.22770000005,384714.8778
1508704688.228233,384714.22770000005,384714.8778
1508704695.332543,384714.22770000005,384714.8778
1508704701.963127,384714.22770000005,384714.8778
1508704708.811324,384714.22770000005,384714.8778
1508704716.130225,384714.22770000005,384714.8778
1508704723.352648,384714.22770000005,384714.8778
1508704730.69825,384714.22770000005,384714.8778
1508704737.991396,384714.22770000005,384714.8778
1508704744.623339,384714.22770000005,384714.8778
1508704751.911935,384728.5299,384729.18000000005
1508704759.175537,384728.5299,384729.18000000005
1508704765.77556,384796.1403,384796.79040000006
1508704772.652143,384796.1403,384796.79040000006
1508704780.202027,384796.1403,384796.79040000006
1508704787.557914,385408.5345,385409.18460000004
1508704794.828621,385471.59420000005,385472.2443
1508704801.033774,385471.59420000005,385472.2443
1508704813.25715,385471.59420000005,385472.2443
1508704820.624044,385471.59420000005,385472.2443
1508704827.874035,385471.59420000005,385472.2443
1508704835.174583,385471.59420000005,385472.2443
1508704842.541111,385471.59420000005,385472.2443
1508704849.113966,385471.59420000005,385472.2443
1508704856.474317,385471.59420000005,385472.2443
1508704863.724747,385471.59420000005,385472.2443
1508704871.007011,385471.59420000005,385472.2443
1508704881.460637,385471.59420000005,385472.2443
1508704888.832974,385471.59420000005,385472.2443
1508704895.760076,385471.59420000005,385472.2443
1508704902.964314,385471.59420000005,385472.2443
1508704909.683642,385471.59420000005,385472.2443
1508704916.47823,385471.59420000005,385472.2443
1508704923.849343,385471.59420000005,385472.2443
1508704932.424913,385471.59420000005,385472.2443
1508704939.64966,385471.59420000005,385472.2443
1508704947.712183,385471.59420000005,385472.2443
1508704955.89768,385471.59420000005,385472.2443
1508704962.610041,385471.59420000005,385472.2443
1508704969.619373,385471.59420000005,385472.2443
1508704976.586761,385471.59420000005,385472.2443
1508704983.963418,385471.59420000005,385472.2443
1508704990.528709,385471.59420000005,385472.2443
1508704997.882161,385471.59420000005,385472.2443
1508705004.037575,385471.59420000005,385472.2443
1508705010.637419,385471.59420000005,385472.2443
1508705017.959907,385471.59420000005,385472.2443
1508705025.282538,385471.59420000005,385472.2443
1508705031.871079,385471.59420000005,385472.2443
1508705038.056555,385471.59420000005,385472.2443
1508705044.826207,385471.59420000005,385472.2443
1508705051.019856,385471.59420000005,385472.2443
1508705058.301523,385471.59420000005,385472.2443
1508705067.935935,385471.59420000005,385472.2443
1508705074.53457,385471.59420000005,385472.2443
1508705081.126077,385471.59420000005,385472.2443
1508705088.516668,385471.59420000005,385472.2443
1508705095.884753,385471.59420000005,385472.2443
1508705103.200652,385471.59420000005,385472.2443
1508705110.51759,385471.59420000005,385472.2443
1508705117.756733,385471.59420000005,385472.2443
1508705125.037789,385433.88840000005,385434.5385000001
1508705132.242411,385433.88840000005,385434.5385000001
1508705139.618973,385433.88840000005,385434.5385000001
1508705146.779282,385433.88840000005,385434.5385000001
1508705152.955803,385433.88840000005,385434.5385000001
1508705159.571744,384797.4405,385377.97980000003
1508705166.26233,384797.4405,384798.09060000005
1508705172.850499,384703.8261,384704.47620000003
1508705181.835354,384703.8261,384704.47620000003
1508705189.17772,384703.8261,384704.47620000003
1508705196.651153,384703.8261,384704.47620000003
1508705203.91993,384703.8261,384704.47620000003
1508705210.758852,384703.8261,384704.47620000003
1508705217.363573,384703.8261,384704.47620000003
1508705224.212638,384703.8261,384704.47620000003
1508705232.131934,384533.4999,384534.15
1508705239.36669,384209.10000000003,384338.4699
1508705245.902135,384209.10000000003,384209.75010000006
1508705253.165771,384209.10000000003,384209.75010000006
1508705261.572355,384209.10000000003,384209.75010000006
1508705268.943411,383891.85120000003,384146.6904
1508705275.700292,383559.00000000006,383559.6501
1508705282.088771,383559.00000000006,383559.6501
1508705289.418752,383559.00000000006,383559.6501
1508705296.2835,383544.04770000005,383544.6978
1508705303.078207,383544.04770000005,383544.6978
1508705309.333093,383544.04770000005,383544.6978
1508705318.979888,383544.04770000005,383544.6978
1508705326.389676,383544.04770000005,383544.6978
1508705333.246548,383295.7095,383296.3596
1508705340.696891,383295.7095,383296.3596
1508705348.509023,383295.7095,383296.3596
1508705355.670886,383295.7095,383296.3596
1508705362.220339,383295.7095,383296.3596
1508705369.499736,383295.7095,383296.3596
1508705376.77341,383295.7095,383296.3596
1508705383.624803,383295.7095,383296.3596
1508705391.047967,383295.7095,383296.3596
1508705397.214611,383295.7095,383296.3596
1508705404.610789,383295.7095,383296.3596
1508705410.792286,383295.7095,383296.3596
1508705417.345844,383295.7095,383296.3596
1508705424.693582,383295.7095,383296.3596
1508705431.308728,383295.7095,383296.3596
1508705437.963968,383295.7095,383296.3596
1508705445.268578,383295.7095,383296.3596
1508705451.90213,383295.7095,383296.3596
1508705459.11719,383295.7095,383296.3596
1508705466.369939,383295.7095,383296.3596
1508705474.368594,383295.7095,383296.3596
1508705481.631475,383295.7095,383296.3596
1508705488.897624,383295.7095,383296.3596
1508705495.370696,383295.7095,383296.3596
1508705501.548544,383295.7095,383296.3596
1508705508.120414,383295.7095,383296.3596
1508705514.916435,383295.7095,383296.3596
1508705522.231053,383295.7095,383296.3596
1508705528.805483,383295.7095,383296.3596
1508705537.644148,383295.7095,383296.3596
1508705544.605909,383295.7095,383296.3596
1508705552.082897,383295.7095,383296.3596
1508705561.894931,383295.7095,383296.3596
1508705569.186136,383295.7095,383296.3596
1508705576.519492,383295.7095,383296.3596
1508705583.24735,383295.7095,383296.3596
1508705590.391412,383295.7095,383296.3596
1508705597.254259,383295.7095,383296.3596
1508705604.181033,383295.7095,383296.3596
1508705610.367634,383295.7095,383296.3596
1508705617.758461,383295.7095,383296.3596
1508705624.686675,383295.7095,383296.3596
1508705632.053815,383295.7095,383296.3596
1508705639.551168,383295.7095,383296.3596
1508705646.898189,383295.7095,383296.3596
1508705654.278177,383295.7095,383296.3596
1508705661.670861,383295.7095,383296.3596
1508705667.865417,383295.7095,383296.3596
1508705675.120965,383295.7095,383296.3596
1508705682.028418,383295.7095,383296.3596
1508705688.823432,383295.7095,383296.3596
1508705696.738689,383295.7095,383296.3596
1508705708.514669,382908.9,382909.55010000005
1508705715.735587,382814.63550000003,382815.28560000006
1508705722.407694,382814.63550000003,382815.28560000006
1508705729.646866,382814.63550000003,382815.28560000006
1508705736.195859,382814.63550000003,382815.28560000006
1508705743.409419,382584.50010000006,382585.15020000003
1508705750.243303,382584.50010000006,382585.15020000003
1508705757.493803,382584.50010000006,382585.15020000003
1508705764.766194,382584.50010000006,382585.15020000003
1508705772.032458,382323.81000000006,382324.4601
1508705779.30505,381226.4412,382254.2493
1508705786.173943,381221.2404,381221.89050000004
1508705793.323165,381221.2404,381221.89050000004
1508705800.549166,381221.89050000004,381454.62630000006
1508705807.467805,381227.74140000006,381413.0199
1508705814.159004,381582.69600000005,381583.3461
1508705820.398181,382084.5732,382085.2233
1508705827.643763,382084.5732,382085.2233
1508705836.450925,382365.41640000005,382366.0665
1508705843.92202,382365.41640000005,382366.0665
1508705851.118681,382365.41640000005,382366.0665
1508705859.322734,382365.41640000005,382366.0665
1508705865.499767,382365.41640000005,382366.0665
1508705873.106817,382365.41640000005,382366.0665
1508705879.969214,382365.41640000005,382366.0665
1508705887.441771,382365.41640000005,382366.0665
1508705894.30409,382365.41640000005,382366.0665
1508705901.580996,382365.41640000005,382366.0665
1508705908.441186,382365.41640000005,382366.0665
1508705915.810081,382365.41640000005,382366.0665
1508705923.587471,382365.41640000005,382366.0665
1508705930.367389,382365.41640000005,382366.0665
1508705937.259716,382365.41640000005,382366.0665
1508705944.478701,382365.41640000005,382366.0665
1508705955.229647,382365.41640000005,382366.0665
1508705962.502624,382365.41640000005,382366.0665
1508705969.207592,382365.41640000005,382366.0665
1508705975.887996,382365.41640000005,382366.0665
1508705982.067873,382365.41640000005,382366.0665
1508705989.23403,382365.41640000005,382366.0665
1508705997.221151,382365.41640000005,382366.0665
1508706003.899952,382365.41640000005,382366.0665
1508706010.726373,382365.41640000005,382366.0665
1508706017.935903,382365.41640000005,382366.0665
1508706025.172852,382365.41640000005,382366.0665
1508706031.740499,382365.41640000005,382366.0665
1508706038.588639,382365.41640000005,382366.0665
1508706050.286426,382365.41640000005,382366.0665
1508706057.637036,382365.41640000005,382366.0665
1508706064.216452,382365.41640000005,382366.0665
1508706070.829334,382365.41640000005,382366.0665
1508706078.204149,382365.41640000005,382366.0665
1508706085.881369,382365.41640000005,382366.0665
1508706093.37383,382365.41640000005,382366.0665
1508706100.182688,382465.53180000006,382466.1819
1508706107.404505,382465.53180000006,382466.1819
1508706114.774482,382465.53180000006,382466.1819
1508706122.061938,382465.53180000006,382466.1819
1508706129.418655,382465.53180000006,382466.1819
1508706137.066128,382465.53180000006,382466.1819
1508706144.314868,382465.53180000006,382466.1819
1508706151.637362,382465.53180000006,382466.1819
1508706159.927431,382465.53180000006,382466.1819
1508706167.365285,382465.53180000006,382466.1819
1508706175.299056,382465.53180000006,382466.1819
1508706182.645065,382465.53180000006,382466.1819
1508706191.060634,382465.53180000006,382466.1819
1508706198.337268,382465.53180000006,382466.1819
1508706205.646024,382465.53180000006,382466.1819
1508706212.977972,382465.53180000006,382466.1819
1508706219.841441,382465.53180000006,382466.1819
1508706227.059228,382465.53180000006,382466.1819
1508706233.883931,382465.53180000006,382466.1819
1508706241.188249,382465.53180000006,382466.1819
1508706248.298331,382465.53180000006,382466.1819
1508706255.482123,382465.53180000006,382466.1819
1508706262.336545,382465.53180000006,382466.1819
1508706269.011861,382465.53180000006,382466.1819
1508706276.354045,382465.53180000006,382466.1819
1508706282.976051,382465.53180000006,382466.1819
1508706290.316503,382465.53180000006,382466.1819
1508706298.171598,382465.53180000006,382466.1819
1508706304.393431,382465.53180000006,382466.1819
1508706315.429515,382465.53180000006,382466.1819
1508706322.078834,382465.53180000006,382466.1819
1508706329.512268,382465.53180000006,382466.1819
1508706336.785987,382465.53180000006,382466.1819
1508706343.640656,382465.53180000006,382466.1819
1508706350.220541,382465.53180000006,382466.1819
1508706357.385903,382468.7823,382469.4324
1508706364.224779,382468.7823,382469.4324
1508706371.413922,382468.7823,382469.4324
1508706378.201048,382584.50010000006,382585.15020000003
1508706385.375105,382584.50010000006,382585.15020000003
1508706392.540073,382584.50010000006,382585.15020000003
1508706399.819919,382584.50010000006,382585.15020000003
1508706407.074373,382584.50010000006,382585.15020000003
1508706414.592551,382584.50010000006,382585.15020000003
1508706421.462521,382584.50010000006,382585.15020000003
1508706429.243674,382584.50010000006,382585.15020000003
1508706437.75103,382584.50010000006,382585.15020000003
1508706445.01792,382584.50010000006,382585.15020000003
1508706451.59492,382584.50010000006,382585.15020000003
1508706459.150941,382584.50010000006,382585.15020000003
1508706466.416296,382584.50010000006,382585.15020000003
1508706473.245546,382584.50010000006,382585.15020000003
1508706480.501439,382584.50010000006,382585.15020000003
1508706487.823964,382584.50010000006,382585.15020000003
1508706495.045437,382584.50010000006,382585.15020000003
1508706502.364329,382584.50010000006,382585.15020000003
1508706511.726489,382584.50010000006,382585.15020000003
1508706519.051382,382584.50010000006,382585.15020000003
1508706525.637772,382584.50010000006,382585.15020000003
1508706532.396293,382584.50010000006,382585.15020000003
1508706538.598071,382584.50010000006,382585.15020000003
1508706545.869627,382584.50010000006,382585.15020000003
1508706553.152181,382584.50010000006,382585.15020000003
1508706559.904014,382584.50010000006,382585.15020000003
1508706566.670626,382584.50010000006,382585.15020000003
1508706574.299049,382584.50010000006,382585.15020000003
1508706580.898595,382584.50010000006,382585.15020000003
1508706588.08784,382584.50010000006,382585.15020000003
1508706594.709277,382584.50010000006,382585.15020000003
1508706602.614187,382584.50010000006,382585.15020000003
1508706609.816811,382584.50010000006,382585.15020000003
1508706616.026863,382584.50010000006,382585.15020000003
1508706622.631681,382584.50010000006,382585.15020000003
1508706629.549896,382584.50010000006,382585.15020000003
1508706636.308903,382584.50010000006,382585.15020000003
1508706642.984541,382584.50010000006,382585.15020000003
1508706651.361053,382584.50010000006,382585.15020000003
1508706659.989305,382584.50010000006,382585.15020000003
1508706666.584221,382584.50010000006,382585.15020000003
1508706672.771168,382584.50010000006,382585.15020000003
1508706680.227346,382584.50010000006,382585.15020000003
1508706687.191158,382584.50010000006,382585.15020000003
1508706694.671631,382584.50010000006,382585.15020000003
1508706702.524789,382584.50010000006,382585.15020000003
1508706709.356741,382756.77660000004,382757.4267
1508706715.550821,382845.84030000004,382846.4904
1508706722.184447,382845.84030000004,382846.4904
1508706729.434639,382845.84030000004,382846.4904
1508706737.224172,382845.84030000004,382846.4904
1508706744.510273,382878.9954,382879.64550000004
1508706750.897123,382878.9954,382879.64550000004
1508706758.166823,382878.9954,382879.64550000004
1508706765.018168,382878.9954,382879.64550000004
1508706772.127294,382878.9954,382879.64550000004
1508706780.040844,382878.9954,382879.64550000004
1508706787.238754,382878.9954,382879.64550000004
1508706795.22634,382878.9954,382879.64550000004
1508706805.9986,382878.9954,382879.64550000004
1508706813.352023,382878.9954,382879.64550000004
1508706820.046443,382878.9954,382879.64550000004
1508706826.862813,382878.9954,382879.64550000004
1508706834.13529,382878.9954,382879.64550000004
1508706841.508026,382878.9954,382879.64550000004
1508706848.780481,382878.9954,382879.64550000004
1508706855.989671,382878.9954,382879.64550000004
1508706863.225413,382878.9954,382879.64550000004
1508706870.648028,382878.9954,382879.64550000004
1508706877.969191,382878.9954,382879.64550000004
1508706884.659338,382878.9954,382879.64550000004
1508706891.39804,382878.9954,382879.64550000004
1508706898.138895,382878.9954,382879.64550000004
1508706907.150341,382878.9954,382879.64550000004
1508706914.549747,382878.9954,382879.64550000004
1508706921.792907,382878.9954,382879.64550000004
1508706928.099805,382878.9954,382879.64550000004
1508706935.300027,382923.20220000006,382923.8523
1508706942.689209,383311.31190000003,383311.962
1508706948.877351,383311.31190000003,383311.962
1508706955.448713,383311.31190000003,383311.962
1508706962.453875,383311.31190000003,383311.962
1508706969.38918,383311.31190000003,383311.962
1508706976.682354,383311.31190000003,383311.962
1508706983.353733,383311.31190000003,383311.962
1508706990.650922,383311.31190000003,383311.962
1508706997.573374,383311.31190000003,383311.962
1508707005.052218,383311.31190000003,383311.962
1508707011.876544,383311.31190000003,383311.962
1508707018.486503,383311.31190000003,383311.962
1508707025.839295,383311.31190000003,383311.962
1508707033.212721,383311.31190000003,383311.962
1508707040.617726,383311.31190000003,383311.962
1508707048.1572,383311.31190000003,383311.962
1508707055.638548,383311.31190000003,383311.962
1508707063.39301,383311.31190000003,383311.962
1508707070.698888,383311.31190000003,383311.962
1508707077.547476,383311.31190000003,383311.962
1508707084.509844,383311.31190000003,383311.962
1508707091.883212,383311.31190000003,383311.962
1508707099.159111,383314.5624,383315.2125
1508707105.937001,383314.5624,383315.2125
1508707113.286206,383314.5624,383315.2125
1508707120.682195,383314.5624,383315.2125
1508707127.931514,383314.5624,383315.2125
1508707134.509845,383314.5624,383315.2125
1508707141.708087,383314.5624,383315.2125
1508707148.3447,383314.5624,383315.2125
1508707155.166024,383314.5624,383315.2125
1508707162.053606,383314.5624,383315.2125
1508707169.028795,383314.5624,383315.2125
1508707176.467359,383314.5624,383315.2125
1508707183.332056,383314.5624,383315.2125
1508707190.163953,383314.5624,383315.2125
1508707197.486512,383314.5624,383315.2125
1508707204.93838,383314.5624,383315.2125
1508707212.238991,383314.5624,383315.2125
1508707219.477432,383311.31190000003,383311.962
1508707226.362252,383273.60610000003,383274.2562
1508707233.704537,383233.95,383234.60010000004
1508707240.938721,382878.9954,382879.64550000004
1508707247.843283,382878.9954,382879.64550000004
1508707255.217093,382878.9954,382879.64550000004
1508707261.795439,382878.9954,382879.64550000004
1508707268.465835,382878.9954,382879.64550000004
1508707275.323001,382878.9954,382879.64550000004
1508707284.834684,382878.9954,382879.64550000004
1508707292.069706,382878.9954,382879.64550000004
1508707298.881663,382878.9954,382879.64550000004
1508707306.164415,382878.9954,382879.64550000004
1508707313.435016,382878.9954,382879.64550000004
1508707320.659404,382878.9954,382879.64550000004
1508707327.915174,382878.9954,382879.64550000004
1508707334.103402,382878.9954,382879.64550000004
1508707340.89194,382878.9954,382879.64550000004
1508707348.181388,382968.0591,382968.70920000004
1508707355.337631,383311.31190000003,383311.962
1508707363.243675,383311.31190000003,383311.962
1508707370.156574,383311.31190000003,383311.962
1508707377.586849,383493.3399,383493.99000000005
1508707384.955741,383635.71180000005,383636.3619
1508707392.339119,383785.8849,383786.53500000003
1508707401.701306,383883.3999,383884.05000000005
1508707408.329707,383883.3999,383884.05000000005
1508707415.635588,383883.3999,383884.05000000005
1508707421.840607,383883.3999,383884.05000000005
1508707429.096381,383883.3999,383884.05000000005
1508707436.363778,383939.30850000004,383939.9586
1508707442.940689,383939.30850000004,383939.9586
1508707450.380196,383939.30850000004,383939.9586
1508707458.377646,383939.30850000004,383939.9586
1508707465.075313,383939.30850000004,383939.9586
1508707472.286266,383939.30850000004,383939.9586
1508707479.125737,383939.30850000004,383939.9586
1508707486.173933,383939.30850000004,383939.9586
1508707493.397912,383939.30850000004,383939.9586
1508707501.002878,383867.1474,383867.79750000004
1508707508.558063,383867.1474,383867.79750000004
1508707516.041327,383867.1474,383867.79750000004
1508707523.277631,383867.1474,383867.79750000004
1508707530.461078,383867.1474,383867.79750000004
1508707537.845507,383867.1474,383867.79750000004
1508707545.216364,383867.1474,383867.79750000004
1508707552.689376,383867.1474,383867.79750000004
1508707559.334257,383867.1474,383867.79750000004
1508707566.025378,383867.1474,383867.79750000004
1508707573.378669,383867.1474,383867.79750000004
1508707580.654957,383867.1474,383867.79750000004
1508707587.414319,383867.1474,383867.79750000004
1508707594.080793,383867.1474,383867.79750000004
1508707601.74724,383867.1474,383867.79750000004
1508707608.974108,383867.1474,383867.79750000004
1508707616.329984,383867.1474,383867.79750000004
1508707622.977171,383867.1474,383867.79750000004
1508707629.813027,383867.1474,383867.79750000004
1508707646.387414,383867.1474,383867.79750000004
1508707653.159618,383867.1474,383867.79750000004
1508707660.474717,383867.1474,383867.79750000004
1508707668.855539,383867.1474,383867.79750000004
1508707676.183083,383867.1474,383867.79750000004
1508707682.441924,383867.1474,383867.79750000004
1508707689.295877,383867.1474,383867.79750000004
1508707696.566582,383867.1474,383867.79750000004
1508707703.938799,383867.1474,383867.79750000004
1508707711.4132,383867.1474,383867.79750000004
1508707718.778937,383867.1474,383867.79750000004
1508707725.951388,383867.1474,383867.79750000004
1508707733.324553,383867.1474,383867.79750000004
1508707740.487253,383867.1474,383867.79750000004
1508707747.168475,383867.1474,383867.79750000004
1508707757.331219,383867.1474,383867.79750000004
1508707764.583025,383867.1474,383867.79750000004
1508707771.154297,383867.1474,383867.79750000004
1508707777.956405,383867.1474,383867.79750000004
1508707785.399129,383867.1474,383867.79750000004
1508707792.721663,383867.1474,383867.79750000004
1508707799.904066,383867.1474,383867.79750000004
1508707807.262643,383867.1474,383867.79750000004
1508707814.533272,383867.1474,383867.79750000004
1508707821.727989,383867.1474,383867.79750000004
1508707829.067352,383867.1474,383867.79750000004
1508707835.833338,383713.0737,383713.72380000004
1508707843.095379,383713.0737,383713.72380000004
1508707850.288609,383713.0737,383713.72380000004
1508707856.522001,383713.0737,383713.72380000004
1508707863.888142,383713.0737,383713.72380000004
1508707871.211123,383713.0737,383713.72380000004
1508707877.431735,383713.0737,383713.72380000004
1508707884.09133,383713.0737,383713.72380000004
1508707891.279527,383713.0737,383713.72380000004
1508707898.606611,383713.0737,383713.72380000004
1508707905.462096,383713.0737,383713.72380000004
1508707912.200201,383713.0737,383713.72380000004
1508707919.593509,383713.0737,383713.72380000004
1508707926.5532,383713.0737,383713.72380000004
1508707933.826842,383713.0737,383713.72380000004
1508707943.865925,383713.0737,383713.72380000004
1508707950.728842,383713.0737,383713.72380000004
1508707958.196187,383713.0737,383713.72380000004
1508707965.577288,383713.0737,383713.72380000004
1508707973.244585,383713.0737,383713.72380000004
1508707980.4776,383713.0737,383713.72380000004
1508707987.116375,383713.0737,383713.72380000004
1508707994.450092,383713.0737,383713.72380000004
1508708001.367433,383713.0737,383713.72380000004
1508708008.6783,383713.0737,383713.72380000004
1508708015.620972,383713.0737,383713.72380000004
1508708022.495561,383713.0737,383713.72380000004
1508708029.361532,383713.0737,383713.72380000004
1508708035.942465,383713.0737,383713.72380000004
1508708043.188117,383713.0737,383713.72380000004
1508708049.777882,383713.0737,383713.72380000004
1508708058.551677,383713.0737,383713.72380000004
1508708065.640663,383713.0737,383713.72380000004
1508708076.265897,383713.0737,383713.72380000004
1508708083.637512,383713.0737,383713.72380000004
1508708090.827612,383713.0737,383713.72380000004
1508708098.143834,383713.0737,383713.72380000004
1508708105.289007,383713.0737,383713.72380000004
1508708112.121365,383713.0737,383713.72380000004
1508708119.479993,383713.0737,383713.72380000004
1508708126.656366,383713.0737,383713.72380000004
1508708133.327207,383713.0737,383713.72380000004
1508708140.322852,383713.0737,383713.72380000004
1508708147.739797,383713.0737,383713.72380000004
1508708154.808547,383713.0737,383713.72380000004
1508708161.971891,383713.0737,383713.72380000004
1508708169.449532,383713.0737,383713.72380000004
1508708176.563121,383713.0737,383713.72380000004
1508708184.715086,383713.0737,383713.72380000004
1508708191.391592,383713.0737,383713.72380000004
1508708197.980221,383713.0737,383713.72380000004
1508708204.533093,383713.0737,383713.72380000004
1508708211.84523,383713.0737,383713.72380000004
1508708218.736912,383713.0737,383713.72380000004
1508708225.671344,383713.0737,383713.72380000004
1508708232.234512,383713.0737,383713.72380000004
1508708239.046518,383713.0737,383713.72380000004
1508708246.858768,383713.0737,383713.72380000004
1508708253.83366,383713.0737,383713.72380000004
1508708261.206102,383713.0737,383713.72380000004
1508708268.101681,383713.0737,383713.72380000004
1508708275.287644,383713.0737,383713.72380000004
1508708282.692041,383713.0737,383713.72380000004
1508708292.95098,383713.0737,383713.72380000004
1508708299.736203,383713.0737,383713.72380000004
1508708306.600308,383713.0737,383713.72380000004
1508708313.876613,383713.0737,383713.72380000004
1508708320.528439,383713.0737,383713.72380000004
1508708327.761133,383713.0737,383713.72380000004
1508708334.62321,383713.0737,383713.72380000004
1508708341.872493,383713.0737,383713.72380000004
1508708349.585239,383713.0737,383713.72380000004
1508708357.77103,383713.0737,383713.72380000004
1508708364.630508,383713.0737,383713.72380000004
1508708371.236746,383713.0737,383713.72380000004
1508708378.455234,383713.0737,383713.72380000004
1508708385.253934,383713.0737,383713.72380000004
1508708392.628916,383713.0737,383713.72380000004
1508708399.470964,383713.0737,383713.72380000004
1508708407.229524,383713.0737,383713.72380000004
1508708414.502464,383713.0737,383713.72380000004
1508708421.459569,383713.0737,383713.72380000004
1508708428.734493,383713.0737,383713.72380000004
1508708436.003335,383713.0737,383713.72380000004
1508708443.377177,383713.0737,383713.72380000004
1508708450.690661,383713.0737,383713.72380000004
1508708457.942211,383713.0737,383713.72380000004
1508708464.774355,383713.0737,383713.72380000004
1508708472.465662,383713.72380000004,383714.37390000006
1508708479.790863,383713.72380000004,383714.37390000006
1508708487.100185,383713.72380000004,383714.37390000006
1508708493.684239,383713.72380000004,383714.37390000006
1508708501.313774,383713.72380000004,383714.37390000006
1508708508.479323,383713.72380000004,383714.37390000006
1508708515.234807,383713.72380000004,383714.37390000006
1508708522.455544,383713.72380000004,383714.37390000006
1508708529.037422,383713.72380000004,383714.37390000006
1508708536.251769,383713.72380000004,383714.37390000006
1508708543.524225,383713.72380000004,383714.37390000006
1508708550.896795,383713.72380000004,383714.37390000006
1508708557.678134,383713.72380000004,383714.37390000006
1508708564.451953,383713.72380000004,383714.37390000006
1508708572.088316,383713.72380000004,383714.37390000006
1508708580.362505,383713.72380000004,383714.37390000006
1508708587.574221,383753.3799,383754.03
1508708594.219366,383753.3799,383754.03
1508708601.587533,383753.3799,383754.03
1508708608.793159,383753.3799,383754.03
1508708616.123199,383759.88090000005,383760.5310000001
1508708623.304981,383917.2051,383917.85520000005
1508708629.976988,383987.4159,383988.06600000005
1508708637.397808,383987.4159,383988.06600000005
1508708644.588672,383987.4159,383988.06600000005
1508708651.859298,383987.4159,383988.06600000005
1508708658.445783,383987.4159,383988.06600000005
1508708665.605539,383987.4159,383988.06600000005
1508708672.79472,383987.4159,383988.06600000005
1508708679.399822,383987.4159,383988.06600000005
1508708686.646108,383987.4159,383988.06600000005
1508708693.944855,383987.4159,383988.06600000005
1508708700.150794,383987.4159,383988.06600000005
1508708707.670712,383987.4159,383988.06600000005
1508708715.150138,383987.4159,383988.06600000005
1508708721.733997,383987.4159,383988.06600000005
1508708728.989393,383987.4159,383988.06600000005
1508708736.250657,383987.4159,383988.06600000005
1508708743.101146,384188.9469,384189.597
1508708753.402961,384188.9469,384189.597
1508708760.713197,384192.1974,384208.4499
1508708768.01532,384201.29880000005,384336.51960000006
1508708775.291773,384201.9489000001,384335.2194
1508708781.948863,384203.89920000004,384204.5493000001
1508708788.851774,384203.89920000004,384204.5493000001
1508708796.143673,384203.89920000004,384204.5493000001
1508708802.342692,384203.89920000004,384204.5493000001
1508708809.604396,384204.5493000001,384220.15170000005
1508708816.849439,384209.10000000003,384323.5176
1508708824.199503,384321.5673,384322.2174
1508708831.577086,384322.86750000005,384323.5176
1508708838.977882,384421.68270000006,384422.33280000003
1508708848.368983,384421.68270000006,384422.33280000003
1508708856.150022,384421.68270000006,384422.33280000003
1508708863.014017,384421.68270000006,384422.33280000003
1508708870.349554,384421.68270000006,384422.33280000003
1508708876.62502,384421.68270000006,384422.33280000003
1508708884.218593,384421.68270000006,384422.33280000003
1508708891.484872,384421.68270000006,384422.33280000003
1508708900.28909,384421.68270000006,384422.33280000003
1508708907.562018,384421.68270000006,384422.33280000003
1508708914.4219,384421.68270000006,384422.33280000003
1508708921.694528,384421.68270000006,384422.33280000003
1508708929.060572,384421.68270000006,384422.33280000003
1508708936.639817,384421.68270000006,384422.33280000003
1508708943.311838,384421.68270000006,384422.33280000003
1508708950.367404,384421.68270000006,384422.33280000003
1508708957.322384,384421.68270000006,384422.33280000003
1508708964.539694,384421.68270000006,384422.33280000003
1508708971.870055,384421.68270000006,384422.33280000003
1508708979.240633,384202.599,384421.03260000004
1508708986.201279,384207.7998,384419.0823
1508708993.574851,384206.49960000004,384419.0823
1508708999.773766,384159.6924,384413.8815
1508709009.286203,383936.058,384411.2811
1508709015.949479,384006.2688,384418.43220000004
1508709022.566811,384066.07800000004,384419.73240000004
1508709029.823202,384110.2848,384419.0823
1508709036.512924,384152.54130000004,384421.68270000006
1508709043.848142,384190.89720000006,384422.33280000003
1508709050.00807,384257.2074,384422.33280000003
1508709057.269994,384421.68270000006,384422.33280000003
1508709064.462586,384421.68270000006,384422.33280000003
1508709071.603546,384421.68270000006,384422.33280000003
1508709078.370203,384421.68270000006,384422.33280000003
1508709085.692687,384421.68270000006,384422.33280000003
1508709092.277703,384421.68270000006,384422.33280000003
1508709099.153554,384453.53760000004,384534.15
1508709106.009416,384533.4999,384534.15
1508709113.481722,384533.4999,384534.15
1508709120.864864,384533.4999,384534.15
1508709128.231141,384533.4999,384534.15
1508709135.445242,384533.4999,384534.15
1508709142.767815,384533.4999,384534.15
1508709150.144423,384533.4999,384534.15
1508709157.309088,384533.4999,384534.15
1508709163.488551,384533.4999,384534.15
1508709170.176952,384533.4999,384534.15
1508709177.591481,384533.4999,384534.15
1508709185.621433,384533.4999,384534.15
1508709192.845442,384533.4999,384534.15
1508709199.715568,384533.4999,384534.15
1508709206.921371,384533.4999,384534.15
1508709214.251077,384533.4999,384534.15
1508709221.113972,384533.4999,384534.15
1508709228.481507,384533.4999,384534.15
1508709236.063332,384533.4999,384534.15
1508709243.376605,384533.4999,384534.15
1508709250.81062,384533.4999,384534.15
1508709260.382948,384533.4999,384534.15
1508709267.705509,384533.4999,384534.15
1508709274.967171,384533.4999,384534.15
1508709282.233268,384533.4999,384534.15
1508709288.837585,384533.4999,384534.15
1508709296.174367,384533.4999,384534.15
1508709304.77486,384533.4999,384534.15
1508709311.934623,384533.4999,384534.15
1508709318.504685,384533.4999,384534.15
1508709325.867464,384533.4999,384534.15
1508709332.56831,384533.4999,384534.15
1508709339.346285,384533.4999,384534.15
1508709346.551969,384533.4999,384534.15
1508709353.324249,384533.4999,384534.15
1508709361.48831,384533.4999,384534.15
1508709368.878317,384533.4999,384534.15
1508709376.24891,384533.4999,384534.15
1508709383.048047,384533.4999,384534.15
1508709390.27912,384533.4999,384534.15
1508709397.8582,384533.4999,384534.15
1508709405.149069,384533.4999,384534.15
1508709411.98021,384533.4999,384534.15
1508709419.259421,384533.4999,384534.15
1508709426.132581,384533.4999,384534.15
1508709433.388328,384533.4999,384534.15
1508709440.761,384533.4999,384534.15
1508709447.585552,384533.4999,384534.15
1508709454.21715,384533.4999,384534.15
1508709461.755334,384535.4502000001,384715.52790000004
1508709468.609423,384714.8778,384715.52790000004
1508709475.194605,384836.4465,384837.09660000005
1508709482.542989,384837.09660000005,384837.7467
1508709490.200682,384837.09660000005,384837.7467
1508709496.772294,384837.09660000005,384837.7467
1508709504.145199,384837.09660000005,384838.39680000005
1508709510.950622,384837.7467,384838.39680000005
1508709517.706059,384837.09660000005,384837.7467
1508709524.97917,384837.09660000005,384837.7467
1508709532.184465,384837.09660000005,384837.7467
1508709538.768139,384837.09660000005,384837.7467
1508709546.128291,384837.7467,384838.39680000005
1508709552.700875,384837.7467,384838.39680000005
1508709559.99001,384837.7467,384838.39680000005
1508709566.804185,384837.7467,384838.39680000005
1508709573.585771,384837.7467,384838.39680000005
1508709580.379723,384837.7467,384838.39680000005
1508709586.550025,384837.7467,384838.39680000005
1508709593.166682,384837.7467,384838.39680000005
1508709600.038447,384837.7467,384838.39680000005
1508709607.677576,384837.7467,384838.39680000005
1508709614.533868,384837.7467,384838.39680000005
1508709621.821321,384837.7467,384838.39680000005
1508709629.078878,384837.7467,384838.39680000005
1508709635.905953,384837.7467,384838.39680000005
1508709643.206831,384837.7467,384838.39680000005
1508709649.783823,384837.7467,384838.39680000005
1508709656.463607,384837.7467,384838.39680000005
1508709663.138675,384837.7467,384838.39680000005
1508709670.336314,384837.7467,384838.39680000005
1508709677.236603,384837.7467,384838.39680000005
1508709683.844825,384837.7467,384838.39680000005
1508709690.426468,384837.7467,384838.39680000005
1508709696.674385,384837.7467,384838.39680000005
1508709703.619965,384837.7467,384838.39680000005
1508709710.998649,384837.7467,384838.39680000005
1508709718.215869,384837.7467,384838.39680000005
1508709725.115039,384837.7467,384838.39680000005
1508709731.912577,384837.7467,384838.39680000005
1508709744.870051,384837.7467,384838.39680000005
1508709751.713701,384837.7467,384838.39680000005
1508709759.33283,384837.7467,384838.39680000005
1508709766.527608,384837.7467,384838.39680000005
1508709773.761513,384837.7467,384838.39680000005
1508709780.958173,384837.7467,384838.39680000005
1508709787.90637,384837.7467,384838.39680000005
1508709796.230173,384837.7467,384838.39680000005
1508709803.293895,384837.7467,384838.39680000005
1508709810.507619,384837.7467,384838.39680000005
1508709817.75232,384837.7467,384838.39680000005
1508709824.765914,384837.7467,384838.39680000005
1508709832.113486,384837.7467,384838.39680000005
1508709839.31353,384837.7467,384838.39680000005
1508709846.031369,384837.7467,384838.39680000005
1508709853.240038,384858.54990000004,384859.2
1508709860.431029,384858.54990000004,384859.2
1508709867.670332,384858.54990000004,384859.2
1508709874.362435,384858.54990000004,384859.2
1508709881.646673,384858.54990000004,384859.2
1508709888.55667,384858.54990000004,384859.2
1508709895.859581,384858.54990000004,384859.2
1508709902.896575,384902.1066,384902.7567
1508709910.780961,384935.91180000006,384936.56190000003
1508709917.990117,384935.91180000006,384936.56190000003
1508709925.216372,384935.91180000006,384936.56190000003
1508709932.05534,384935.91180000006,384936.56190000003
1508709939.351208,384935.91180000006,384936.56190000003
1508709946.316686,385162.7967,385163.44680000003
1508709953.275428,385180.99950000003,385181.6496
1508709960.96177,385180.99950000003,385181.6496
1508709969.916053,385180.99950000003,385181.6496
1508709976.669867,385182.9498,385183.59990000003
1508709983.99537,385182.9498,385183.59990000003
1508709990.177818,385183.59990000003,385184.25000000006
1508709996.403069,385183.59990000003,385184.25000000006
1508710003.351262,385183.59990000003,385184.25000000006
1508710010.151358,385470.9441,385471.59420000005
1508710017.423865,385471.59420000005,385472.2443
1508710024.261845,385471.59420000005,385472.2443
1508710031.924075,385471.59420000005,385472.2443
1508710040.52568,385509.30000000005,385509.9501
1508710048.410135,385509.30000000005,385509.9501
1508710055.549203,385521.0018,385521.6519
1508710062.843637,386158.7499,386159.4
1508710070.282905,386158.7499,386159.4
1508710077.922418,386181.50340000005,386182.1535000001
1508710084.86318,386808.84990000003,386809.50000000006
1508710091.661605,387146.2518,387334.13070000004
1508710099.039282,387154.053,387154.70310000004
1508710106.211487,387154.053,387154.70310000004
1508710113.443917,387154.053,387154.70310000004
1508710121.42779,387154.053,387154.70310000004
1508710128.796481,387154.053,387154.70310000004
1508710135.358117,387393.9399,387394.59
1508710142.618111,387393.9399,387394.59
1508710149.888776,387393.9399,387394.59
1508710156.852203,387393.9399,387394.59
1508710163.70639,387393.9399,387394.59
1508710170.507638,387393.9399,387394.59
1508710177.834551,387393.9399,387394.59
1508710184.981991,387393.9399,387394.59
1508710192.205152,387393.9399,387394.59
1508710198.752584,387418.6437,387419.29380000004
1508710205.615775,387418.6437,387419.29380000004
1508710213.34297,387458.9499,387459.60000000003
1508710220.20162,387458.9499,387459.60000000003
1508710227.6082,387695.5863,387713.139
1508710234.186056,387761.89650000003,387762.5466
1508710241.403553,387761.89650000003,387762.5466
1508710247.957755,387761.89650000003,387762.5466
1508710254.730752,387761.89650000003,387762.5466
1508710261.910241,387761.89650000003,387762.5466
1508710269.287071,387761.89650000003,387762.5466
1508710276.58163,387761.89650000003,387762.5466
1508710285.818899,387786.6003,387813.2544
1508710293.145028,388369.0899,388369.74000000005
1508710300.367466,388369.0899,388369.74000000005
1508710307.690015,388369.0899,388369.74000000005
1508710313.917943,388369.0899,388369.74000000005
1508710321.20662,388369.0899,388369.74000000005
1508710327.881916,388369.0899,388369.74000000005
1508710335.190305,388369.0899,388369.74000000005
1508710341.994821,388369.0899,388369.74000000005
1508710349.377847,388369.0899,388369.74000000005
1508710356.742564,388369.0899,388369.74000000005
1508710364.168622,388369.0899,388369.74000000005
1508710371.001233,388369.0899,388369.74000000005
1508710378.237304,388369.0899,388369.74000000005
1508710385.717015,388369.0899,388369.74000000005
1508710394.928545,388369.0899,388369.74000000005
1508710403.166666,388369.0899,388369.74000000005
1508710411.239712,388394.44380000007,388753.9491
1508710418.585655,388553.06820000004,388759.80000000005
1508710425.960747,388759.1499,388759.80000000005
1508710432.923726,388759.1499,388759.80000000005
1508710440.606097,388759.1499,388759.80000000005
1508710447.426369,388759.1499,388759.80000000005
1508710453.974007,388759.1499,388759.80000000005
1508710461.390097,388759.1499,388759.80000000005
1508710467.547833,388759.1499,388759.80000000005
1508710474.91293,388759.1499,388759.80000000005
1508710481.474742,388759.1499,388759.80000000005
1508710488.431409,388759.1499,388759.80000000005
1508710494.618591,388759.1499,388759.80000000005
1508710501.395428,388759.1499,388759.80000000005
1508710508.956977,388759.1499,388759.80000000005
1508710516.731789,388759.1499,388759.80000000005
1508710523.649459,388759.1499,388759.80000000005
1508710530.544131,388759.1499,388759.80000000005
1508710537.88471,388759.1499,388759.80000000005
1508710545.197242,388369.0899,388369.74000000005
1508710552.424152,388369.0899,388369.74000000005
1508710559.282003,388369.0899,388369.74000000005
1508710566.067699,388369.0899,388369.74000000005
1508710572.417976,388369.0899,388369.74000000005
1508710579.25589,387269.1207,387269.7708
1508710586.897419,387269.1207,387269.7708
1508710594.103243,387269.1207,387269.7708
1508710601.319239,387269.1207,387269.7708
1508710608.590201,388233.219,388233.8691
1508710615.857453,388233.219,388233.8691
1508710623.124447,388236.4695,388237.11960000003
1508710630.298901,388236.4695,388237.11960000003
1508710637.153054,388236.4695,388237.11960000003
1508710644.371541,388108.3998,388109.04990000004
1508710651.606785,387680.634,387785.9502000001
1508710658.162278,387680.634,387681.28410000005
1508710665.351633,387680.634,387681.28410000005
1508710672.96941,387680.634,387681.28410000005
1508710680.155495,387680.634,387681.28410000005
1508710686.337999,387680.634,387681.28410000005
1508710692.909789,387680.634,387681.28410000005
1508710699.786214,387680.634,387681.28410000005
1508710708.019859,387680.634,387681.28410000005
1508710715.333814,387680.634,387681.28410000005
1508710722.621368,387680.634,387681.28410000005
1508710729.812011,387680.634,387681.28410000005
1508710737.772691,387680.634,387681.28410000005
1508710744.613628,387680.634,387681.28410000005
1508710751.822598,387680.634,387681.28410000005
1508710759.085504,387680.634,387681.28410000005
1508710766.324704,387680.634,387681.28410000005
1508710773.612595,387875.0139000001,387875.664
1508710780.515915,388109.04990000004,388109.7
1508710787.091378,388236.4695,388237.11960000003
1508710794.297142,388236.4695,388237.11960000003
1508710801.44339,388236.4695,388237.11960000003
1508710809.278149,388369.0899,388369.74000000005
1508710817.240883,388369.0899,388369.74000000005
1508710823.99506,388434.09990000003,388434.75000000006
1508710830.582427,388434.09990000003,388434.75000000006
1508710837.920859,388434.09990000003,388434.75000000006
1508710845.219847,388434.09990000003,388434.75000000006
1508710852.419229,388434.09990000003,388434.75000000006
1508710859.047247,388661.6349,388662.28500000003
1508710865.877989,388661.6349,388662.28500000003
1508710872.732334,388661.6349,388662.28500000003
1508710879.331941,388661.6349,388662.28500000003
1508710886.557832,388661.6349,388662.28500000003
1508710893.777127,388661.6349,388662.28500000003
1508710900.9661,388661.6349,388662.28500000003
1508710908.270537,388661.6349,388662.28500000003
1508710915.113874,388661.6349,388662.28500000003
1508710922.379584,388661.6349,388662.28500000003
1508710929.266809,388661.6349,388662.28500000003
1508710936.561152,388661.6349,388662.28500000003
1508710943.398432,388661.6349,388662.28500000003
1508710951.185314,388661.6349,388662.28500000003
1508710958.962645,388661.6349,388662.28500000003
1508710965.822169,388661.6349,388662.28500000003
1508710973.190696,388434.09990000003,388434.75000000006
1508710980.055212,388434.09990000003,388434.75000000006
1508710986.240656,387680.634,387681.28410000005
1508710993.573692,387680.634,387681.28410000005
1508711000.152602,387680.634,387681.28410000005
1508711007.742235,387680.634,387681.28410000005
1508711015.072326,387680.634,387681.28410000005
1508711022.548402,387680.634,387681.28410000005
1508711029.921457,387680.634,387681.28410000005
1508711037.293126,387680.634,387681.28410000005
1508711044.670135,387680.634,387681.28410000005
1508711051.837043,387680.634,387681.28410000005
1508711059.72117,387680.634,387681.28410000005
1508711066.9959,387680.634,387681.28410000005
1508711074.367951,387680.634,387681.28410000005
1508711081.734556,387680.634,387681.28410000005
1508711088.80004,387680.634,387681.28410000005
1508711096.489438,387680.634,387681.28410000005
1508711104.753783,387680.634,387681.28410000005
1508711111.980706,387680.634,387681.28410000005
1508711118.904606,387680.634,387681.28410000005
1508711126.132092,387680.634,387681.28410000005
1508711132.750173,387680.634,387681.28410000005
1508711140.191082,387680.634,387681.28410000005
1508711147.542987,387680.634,387681.28410000005
1508711154.791305,387680.634,387681.28410000005
1508711161.6083,387680.634,387681.28410000005
1508711169.080975,387680.634,387681.28410000005
1508711175.986491,387680.634,387681.28410000005
1508711184.134839,387680.634,387681.28410000005
1508711190.796823,387680.634,387681.28410000005
1508711198.571324,387680.634,387681.28410000005
1508711205.843764,387680.634,387681.28410000005
1508711213.531707,387680.634,387681.28410000005
1508711220.39609,387680.634,387681.28410000005
1508711227.082736,387680.634,387681.28410000005
1508711233.349182,387680.634,387681.28410000005
1508711239.562725,387680.634,387681.28410000005
1508711246.809836,387680.634,387681.28410000005
1508711255.346349,387680.634,387681.28410000005
1508711262.88942,387680.634,387681.28410000005
1508711270.056958,387680.634,387681.28410000005
1508711277.118612,387680.634,387681.28410000005
1508711284.790359,387680.634,387681.28410000005
1508711291.360739,387680.634,387681.28410000005
1508711298.935008,387680.634,387681.28410000005
1508711307.224316,387680.634,387681.28410000005
1508711314.796217,387680.634,387681.28410000005
1508711321.669747,387680.634,387681.28410000005
1508711327.858166,387680.634,387681.28410000005
1508711335.325995,387680.634,387681.28410000005
1508711342.755579,387680.634,387681.28410000005
1508711349.652882,387681.28410000005,387681.9342
1508711357.098136,387681.28410000005,387681.9342
1508711364.053743,387681.28410000005,387681.9342
1508711370.712735,387681.28410000005,387681.9342
1508711378.0316,387681.28410000005,387681.9342
1508711384.946945,387681.28410000005,387681.9342
1508711392.209622,387681.28410000005,387681.9342
1508711399.430427,387654.63,387655.28010000003
1508711406.858233,387654.63,387655.28010000003
1508711413.627404,387654.63,387655.28010000003
1508711420.995156,387654.63,387655.28010000003
1508711427.604553,387654.63,387655.28010000003
1508711435.026646,387654.63,387655.28010000003
1508711441.799461,387654.63,387655.28010000003
1508711449.09994,387654.63,387655.28010000003
1508711456.427459,387654.63,387655.28010000003
1508711463.251005,387654.63,387655.28010000003
1508711469.888611,387654.63,387655.28010000003
1508711476.894164,387654.63,387655.28010000003
1508711486.218207,387654.63,387655.28010000003
1508711493.080196,387654.63,387655.28010000003
1508711499.946037,387654.63,387655.28010000003
1508711507.133293,387654.63,387655.28010000003
1508711514.587447,387654.63,387655.28010000003
1508711521.143029,387654.63,387655.28010000003
1508711528.611875,387654.63,387655.28010000003
1508711535.891425,387654.63,387655.28010000003
1508711543.168963,387654.63,387655.28010000003
1508711551.042419,387654.63,387655.28010000003
1508711557.241903,387654.63,387655.28010000003
1508711563.863636,387654.63,387655.28010000003
1508711570.808311,387654.63,387655.28010000003
1508711577.765367,387654.63,387655.28010000003
1508711584.645589,387654.63,387655.28010000003
1508711592.003078,387654.63,387655.28010000003
1508711599.208909,387654.63,387655.28010000003
1508711606.409858,387654.63,387655.28010000003
1508711612.597811,387654.63,387655.28010000003
1508711619.553338,387654.63,387655.28010000003
1508711626.229305,387654.63,387655.28010000003
1508711633.786586,387654.63,387655.28010000003
1508711640.954487,387654.63,387655.28010000003
1508711648.214462,387654.63,387655.28010000003
1508711656.003306,387654.63,387655.28010000003
1508711663.274742,387654.63,387655.28010000003
1508711670.114528,387654.63,387655.28010000003
1508711676.912868,387654.63,387655.28010000003
1508711683.79441,387654.63,387655.28010000003
1508711691.028277,387654.63,387655.28010000003
1508711697.304037,387654.63,387655.28010000003
1508711704.842908,387654.63,387655.28010000003
1508711712.216062,387654.63,387655.28010000003
1508711719.696097,387654.63,387655.28010000003
1508711727.074426,387654.63,387655.28010000003
1508711733.933048,387654.63,387655.28010000003
1508711741.196021,387654.63,387655.28010000003
1508711747.750477,387654.63,387655.28010000003
1508711754.824525,387654.63,387655.28010000003
1508711761.787382,387654.63,387655.28010000003
1508711769.120598,387654.63,387655.28010000003
1508711776.016511,387654.63,387655.28010000003
1508711783.256257,387654.63,387655.28010000003
1508711790.045169,387654.63,387655.28010000003
1508711797.317516,387671.53260000004,387672.18270000006
1508711804.522903,387742.39350000006,387784.65
1508711811.75736,387783.9999,387784.65
1508711818.96553,387783.9999,387784.65
1508711826.190705,387783.9999,387784.65
1508711833.878532,387783.9999,387784.65
1508711841.25028,387783.9999,387784.65
1508711849.238158,387783.9999,387784.65
1508711856.598383,387849.0099,387849.66000000003
1508711863.980822,387849.0099,387849.66000000003
1508711871.210095,387849.0099,387849.66000000003
1508711878.444677,387849.0099,387849.66000000003
1508711885.321377,387849.0099,387849.66000000003
1508711891.54668,388694.1399,388694.79000000004
1508711899.1043,388694.1399,388694.79000000004
1508711906.986658,388694.1399,388694.79000000004
1508711913.955577,388694.1399,388694.79000000004
1508711920.893469,388694.1399,388694.79000000004
1508711928.036499,388694.1399,388694.79000000004
1508711935.261344,388694.1399,388694.79000000004
1508711941.449594,388694.1399,388694.79000000004
1508711948.688879,388694.1399,388694.79000000004
1508711962.483138,388694.1399,388694.79000000004
1508711968.697482,388694.1399,388694.79000000004
1508711976.007635,388694.1399,388694.79000000004
1508711983.258144,388694.1399,388694.79000000004
1508711990.021811,388694.1399,388694.79000000004
1508711997.220623,388759.1499,388759.80000000005
1508712003.797619,388759.1499,388759.80000000005
1508712011.548868,388759.1499,388759.80000000005
1508712018.551198,388759.1499,388759.80000000005
1508712025.800397,388759.1499,388759.80000000005
1508712032.389144,388759.1499,388759.80000000005
1508712039.282107,388759.1499,388759.80000000005
1508712045.476009,388759.1499,388759.80000000005
1508712052.81132,388759.1499,388759.80000000005
1508712060.17821,388759.1499,388759.80000000005
1508712067.039605,388759.1499,388759.80000000005
1508712074.431339,388759.1499,388759.80000000005
1508712081.305408,388759.1499,388759.80000000005
1508712088.067083,388759.1499,388759.80000000005
1508712095.366354,388759.1499,388759.80000000005
1508712102.185051,388759.1499,388759.80000000005
1508712108.832121,388759.1499,388759.80000000005
1508712116.094239,388759.1499,388759.80000000005
1508712122.885665,388759.1499,388759.80000000005
1508712129.54548,388759.1499,388759.80000000005
1508712135.755237,388759.1499,388759.80000000005
1508712143.187293,388759.1499,388759.80000000005
1508712151.099464,388759.1499,388759.80000000005
1508712157.972982,388759.1499,388759.80000000005
1508712165.245652,388631.0802000001,388751.99880000006
1508712172.440807,388632.3804,388743.54750000004
1508712180.115016,388044.03990000003,388633.6806000001
1508712189.515121,388359.98850000004,388462.0542
1508712196.376198,388365.1893,388462.0542
1508712204.570695,388364.53920000006,388365.1893
1508712213.579773,388368.4398,388527.0642
1508712221.442499,388374.94080000004,388759.1499
1508712228.829773,388395.744,388755.8994
1508712236.135425,388519.91310000006,388752.64890000003
1508712245.142818,388519.91310000006,388749.39840000006
1508712252.598166,388531.61490000004,388724.0445
1508712260.074698,388531.61490000004,388721.4441
1508712268.361517,388540.0662,388692.83970000007
1508712277.752335,388540.0662,388683.7383
1508712285.303472,388547.2173,388678.53750000003
1508712294.781105,388547.2173,388674.6369
1508712301.950943,388553.7183,388669.4361
1508712314.104589,388553.7183,388554.36840000004
1508712322.017636,388553.7183,388554.36840000004
1508712330.182797,388553.7183,388554.36840000004
1508712337.333295,388553.7183,388554.36840000004
1508712344.013299,388553.7183,388554.36840000004
1508712352.025665,388553.7183,388554.36840000004
1508712358.984136,388553.7183,388554.36840000004
1508712365.840513,388553.7183,388554.36840000004
1508712373.110449,388553.7183,388669.4361
1508712379.817188,388593.37440000003,388667.4858
1508712387.34946,388555.01850000006,388555.66860000003
1508712394.820889,388555.01850000006,388555.66860000003
1508712401.412005,388555.01850000006,388595.9748
1508712408.957409,388555.66860000003,388595.9748
1508712416.22798,388555.66860000003,388594.6746
1508712423.091916,388556.3187,388596.6249
1508712431.075193,388557.61890000006,388670.73630000005
1508712438.656921,388559.5692,388758.4998
1508712445.620291,388569.32070000004,388759.80000000005
1508712453.603608,388758.4998,388759.80000000005
1508712461.077755,388759.1499,388759.80000000005
1508712469.989751,388759.1499,388817.0088
1508712477.362142,388800.75630000007,388812.45810000005
1508712484.150207,388863.81600000005,388864.4661
1508712490.900643,388863.81600000005,388864.4661
1508712497.735572,388863.81600000005,388864.4661
1508712504.906413,388863.81600000005,388864.4661
1508712513.151758,388863.81600000005,388864.4661
1508712520.443387,388863.81600000005,388864.4661
1508712527.839328,388863.81600000005,388864.4661
1508712535.104946,388863.81600000005,388864.4661
1508712541.913992,388863.81600000005,388864.4661
1508712548.10127,388863.81600000005,388864.4661
1508712555.592244,388532.265,388532.91510000004
1508712562.763662,388532.265,388532.91510000004
1508712570.185023,388532.265,388532.91510000004
1508712576.808046,388532.265,388532.91510000004
1508712584.25814,387696.8865,387973.82910000003
1508712591.053316,387696.8865,387697.5366
1508712597.816454,387697.5366,387710.5386
1508712604.851369,387697.5366,387698.1867
1508712612.220322,387697.5366,387698.1867
1508712619.698826,387697.5366,387698.1867
1508712627.582653,387697.5366,387698.1867
1508712634.95452,387697.5366,387698.1867
1508712642.269291,387697.5366,387698.1867
1508712649.700488,387698.1867,387698.83680000005
1508712657.072962,387847.05960000004,387847.70970000006
1508712664.445388,387847.05960000004,387847.70970000006
1508712671.868041,387847.05960000004,387847.70970000006
1508712678.880678,387847.05960000004,387847.70970000006
1508712686.253243,387847.05960000004,387847.70970000006
1508712692.842005,387847.70970000006,387848.3598
1508712700.107398,387847.70970000006,387848.3598
1508712707.661903,387847.70970000006,387848.3598
1508712714.368725,387847.70970000006,387848.3598
1508712721.279625,387847.70970000006,387848.3598
1508712727.474144,387847.70970000006,387848.3598
1508712734.384794,387847.70970000006,387848.3598
1508712741.657208,387847.70970000006,387848.3598
1508712749.128087,387847.70970000006,387848.3598
1508712756.509108,387847.70970000006,387848.3598
1508712763.841643,387847.70970000006,387848.3598
1508712770.059738,387847.70970000006,387848.3598
1508712777.601621,387862.0119,387862.662
1508712783.82435,387848.3598,387860.0616
1508712793.505442,387848.3598,387849.0099
1508712800.439118,387848.3598,387849.0099
1508712808.182231,387848.3598,387849.0099
1508712815.820003,387848.3598,387849.0099
1508712823.122334,387848.3598,387849.0099
1508712829.927853,387848.3598,387849.0099
1508712836.948806,387848.3598,387849.0099
1508712844.258634,387848.3598,387849.0099
1508712851.428498,387848.3598,387849.0099
1508712858.600851,387642.9282,387849.0099
1508712865.972106,387265.87020000006,387266.52030000003
1508712872.761551,386809.50000000006,386810.1501
1508712880.009591,386499.4023,386500.05240000004
1508712886.864561,386456.4957,386563.1121
1508712894.195971,386456.4957,386457.1458
1508712900.994531,386429.84160000004,386453.89530000003
1508712909.398799,386431.7919,386456.4957
1508712916.247155,386431.14180000004,386431.7919
1508712923.056726,386159.4,386221.80960000004
1508712929.996974,386159.4,386221.1595
1508712937.347328,386431.14180000004,386431.7919
1508712944.627098,386431.14180000004,386431.7919
1508712951.776287,386809.50000000006,386810.1501
1508712959.151864,386809.50000000006,386810.1501
1508712966.122365,386832.25350000005,386832.9036
1508712973.413887,386832.25350000005,386832.9036
1508712980.882109,387109.1961,387109.8462
1508712987.052189,387109.1961,387109.8462
1508712993.974463,387109.1961,387109.8462
1508713000.833166,387109.1961,387109.8462
1508713008.14483,387109.1961,387109.8462
1508713015.359208,387109.1961,387109.8462
1508713022.154737,387109.1961,387109.8462
1508713029.037434,387109.1961,387109.8462
1508713036.259992,387384.83850000007,387385.4886
1508713043.082033,387111.7965,387385.4886
1508713049.270336,387109.1961,387109.8462
1508713056.153307,387109.1961,387109.8462
1508713062.330757,387109.1961,387109.8462
1508713068.936065,387109.1961,387109.8462
1508713075.487644,387109.1961,387109.8462
1508713082.853979,387109.1961,387109.8462
1508713089.71799,387109.1961,387109.8462
1508713096.990241,387109.1961,387109.8462
1508713103.849323,387109.1961,387109.8462
1508713110.500734,387109.1961,387109.8462
1508713117.668838,387109.1961,387109.8462
1508713124.263714,387109.1961,387109.8462
1508713131.903091,387109.1961,387109.8462
1508713139.175583,387109.1961,387109.8462
1508713146.049205,387109.1961,387109.8462
1508713152.895298,387109.1961,387109.8462
1508713159.578146,386436.34260000003,387108.54600000003
1508713166.947767,386446.09410000005,386446.7442
1508713174.303646,386446.09410000005,386446.7442
1508713181.567352,386371.3326,386446.7442
1508713188.431795,386229.6108,386446.7442
1508713196.008561,385958.51910000003,385959.16920000006
1508713203.166823,385962.4197,385963.0698
1508713210.449456,386107.392,386143.79760000005
1508713217.407543,386143.79760000005,386188.0044
1508713224.093577,386187.35430000006,386188.0044
1508713231.3386,386208.15750000003,386208.80760000006
1508713237.521111,386334.2769,386334.927
1508713244.892323,386334.2769,386334.927
1508713252.132729,386334.2769,386334.927
1508713259.40006,386334.2769,386334.927
1508713266.187635,386334.2769,386334.927
1508713273.014445,386334.2769,386334.927
1508713280.232807,386334.2769,386334.927
1508713287.509515,386334.2769,386334.927
1508713294.085066,386334.2769,386334.927
1508713300.686199,386334.2769,386334.927
1508713307.336922,386334.2769,386334.927
1508713314.082374,386334.2769,386334.927
1508713321.319274,386334.2769,386334.927
1508713328.610671,386334.2769,386334.927
1508713335.281155,386334.2769,386334.927
1508713343.504629,386334.2769,386334.927
1508713350.170402,386334.2769,386334.927
1508713356.991112,386334.2769,386334.927
1508713364.276946,386334.2769,386334.927
1508713371.561724,386334.2769,386334.927
1508713377.733318,386334.2769,386334.927
1508713384.999618,386442.19350000005,386442.8436
1508713392.209555,386442.19350000005,386442.8436
1508713398.963858,386442.19350000005,386442.8436
1508713406.269022,386442.19350000005,386442.8436
1508713413.111652,386442.19350000005,386442.8436
1508713420.984744,387347.1327000001,387347.7828
1508713428.484183,387347.1327000001,387347.7828
1508713435.423099,387347.1327000001,387347.7828
1508713442.688311,387347.1327000001,387347.7828
1508713448.899833,387347.1327000001,387347.7828
1508713455.697972,387347.1327000001,387347.7828
1508713463.204339,387347.1327000001,387347.7828
1508713470.547094,387347.1327000001,387347.7828
1508713477.159977,387347.1327000001,387347.7828
1508713484.167089,387347.1327000001,387347.7828
1508713491.341617,387347.1327000001,387347.7828
1508713498.296554,387347.1327000001,387347.7828
1508713505.102118,387347.1327000001,387347.7828
1508713512.941687,387347.1327000001,387347.7828
1508713519.535333,387347.1327000001,387347.7828
1508713527.098359,387347.1327000001,387347.7828
1508713533.75361,387347.1327000001,387347.7828
1508713540.593144,387347.1327000001,387347.7828
1508713547.452551,387347.1327000001,387347.7828
1508713554.867701,387347.1327000001,387347.7828
1508713562.414662,387347.1327000001,387347.7828
1508713569.268128,387347.1327000001,387347.7828
1508713576.451679,387538.9122,387539.5623
1508713583.797829,387538.9122,387539.5623
1508713590.761903,387538.9122,387539.5623
1508713597.6694,387538.9122,387539.5623
1508713604.959309,387538.9122,387539.5623
1508713612.169517,387538.9122,387539.5623
1508713619.435594,387538.9122,387539.5623
1508713626.230688,387538.9122,387539.5623
1508713632.519305,387538.9122,387539.5623
1508713639.743219,387538.9122,387539.5623
1508713647.595603,387538.9122,387539.5623
1508713654.658979,387538.9122,387539.5623
1508713661.853493,388363.88910000003,388364.53920000006
1508713669.099853,388363.88910000003,388364.53920000006
1508713676.189078,388363.88910000003,388364.53920000006
1508713683.428218,388363.88910000003,388364.53920000006
1508713690.232182,388363.88910000003,388364.53920000006
1508713697.572766,388363.88910000003,388364.53920000006
1508713703.744361,388391.19330000004,388391.8434
1508713710.599912,388391.19330000004,388391.8434
1508713717.844909,388391.19330000004,388391.8434
1508713725.628632,388391.19330000004,388391.8434
1508713732.198947,388391.19330000004,388391.8434
1508713739.455793,388391.19330000004,388391.8434
1508713746.61853,388417.1973,388417.8474
1508713753.484213,388417.1973,388417.8474
1508713760.046838,388417.1973,388417.8474
1508713767.308632,388432.79970000003,388433.4498
1508713774.672338,388432.79970000003,388433.4498
1508713781.538342,388432.79970000003,388433.4498
1508713788.262179,388432.79970000003,388433.4498
1508713795.568089,388433.4498,388434.75000000006
1508713802.790462,388434.09990000003,388434.75000000006
1508713809.362354,388434.09990000003,388434.75000000006
1508713818.297935,388434.09990000003,388434.75000000006
1508713825.163648,388434.09990000003,388434.75000000006
1508713832.535082,388434.09990000003,388434.75000000006
1508713839.803451,388519.26300000004,388519.91310000006
1508713846.506641,388519.26300000004,388519.91310000006
1508713852.692401,388519.26300000004,388519.91310000006
1508713860.435859,388519.26300000004,388519.91310000006
1508713868.026035,388694.1399,388694.79000000004
1508713874.82928,388694.1399,388694.79000000004
1508713882.199864,388694.1399,388694.79000000004
1508713889.159644,388727.94510000007,388728.59520000004
1508713896.125072,388727.94510000007,388728.59520000004
1508713902.737118,388727.94510000007,388728.59520000004
1508713909.353606,388727.94510000007,388728.59520000004
1508713916.648382,388727.94510000007,388728.59520000004
1508713923.56326,388824.1599,388824.81000000006
1508713930.59552,388880.7186,388881.36870000005
1508713937.90626,389044.54380000004,389045.1939000001
1508713944.210046,389044.54380000004,389045.1939000001
1508713952.039855,389044.54380000004,389045.1939000001
1508713959.307676,389044.54380000004,389045.1939000001
1508713966.371388,389044.54380000004,389045.1939000001
1508713973.743924,389044.54380000004,389045.1939000001
1508713981.018062,389044.54380000004,389045.1939000001
1508713987.794657,389083.5498,389084.1999
1508713995.646537,389083.5498,389084.1999
1508714002.924935,389083.5498,389084.1999
1508714010.222687,389083.5498,389084.1999
1508714016.477871,389083.5498,389084.1999
1508714024.334491,389083.5498,389084.1999
1508714031.605595,387980.3301,389084.1999
1508714038.900744,388124.6523,389081.5995
1508714045.782307,388125.9525,388912.57350000006
1508714052.085444,388783.85370000004,388784.50380000006
1508714058.684151,388783.85370000004,388784.50380000006
1508714065.908284,388783.85370000004,388784.50380000006
1508714072.461791,388783.85370000004,388784.50380000006
1508714079.795572,388783.85370000004,388784.50380000006
1508714086.694065,388783.85370000004,388784.50380000006
1508714094.002202,388783.85370000004,388784.50380000006
1508714100.92928,388783.85370000004,388784.50380000006
1508714107.498988,388783.85370000004,388784.50380000006
1508714114.337188,388783.85370000004,388784.50380000006
1508714122.056073,388783.85370000004,388784.50380000006
1508714129.391376,388783.85370000004,388784.50380000006
1508714136.762185,388783.85370000004,388784.50380000006
1508714143.631895,388783.85370000004,388784.50380000006
1508714150.339707,388783.85370000004,388784.50380000006
1508714157.250039,388783.85370000004,388784.50380000006
1508714164.550854,388783.85370000004,388784.50380000006
1508714172.603305,388783.85370000004,388784.50380000006
1508714179.370292,388783.85370000004,388784.50380000006
1508714186.062803,388783.85370000004,388784.50380000006
1508714192.257817,388783.85370000004,388784.50380000006
1508714199.541559,388783.85370000004,388784.50380000006
1508714206.218802,388783.85370000004,388784.50380000006
1508714213.002325,388783.85370000004,388784.50380000006
1508714219.592979,388783.85370000004,388784.50380000006
1508714226.477873,388783.85370000004,388784.50380000006
1508714233.669975,388783.85370000004,388784.50380000006
1508714241.009963,388783.85370000004,388784.50380000006
1508714247.683251,388783.85370000004,388784.50380000006
1508714255.553147,388783.85370000004,388784.50380000006
1508714262.825575,388783.85370000004,388784.50380000006
1508714269.63104,388783.85370000004,388784.50380000006
1508714276.905256,388783.85370000004,388784.50380000006
1508714284.074188,388783.85370000004,388784.50380000006
1508714290.764718,388783.85370000004,388784.50380000006
1508714297.339522,388783.85370000004,388784.50380000006
1508714304.63659,388783.85370000004,388784.50380000006
1508714311.84018,388783.85370000004,388784.50380000006
1508714318.545442,388783.85370000004,388784.50380000006
1508714326.393259,388783.85370000004,388784.50380000006
1508714332.998441,388783.85370000004,388784.50380000006
1508714339.962747,388783.85370000004,388784.50380000006
1508714347.568916,388783.85370000004,388784.50380000006
1508714354.431048,388783.85370000004,388784.50380000006
1508714361.721423,388783.85370000004,388784.50380000006
1508714369.010587,388783.85370000004,388784.50380000006
1508714375.63685,388783.85370000004,388784.50380000006
1508714381.978973,388783.85370000004,388784.50380000006
1508714389.253839,388783.85370000004,388784.50380000006
1508714396.355069,388783.85370000004,388784.50380000006
1508714403.20972,388783.85370000004,388784.50380000006
1508714410.589858,388783.85370000004,388784.50380000006
1508714417.845514,388783.85370000004,388784.50380000006
1508714425.23291,388783.85370000004,388784.50380000006
1508714432.480105,388783.85370000004,388784.50380000006
1508714439.772588,388783.85370000004,388784.50380000006
1508714447.041596,388783.85370000004,388784.50380000006
1508714453.845212,388783.85370000004,388784.50380000006
1508714460.650769,388783.85370000004,388784.50380000006
1508714467.432944,388783.85370000004,388784.50380000006
1508714474.794032,388783.85370000004,388784.50380000006
1508714482.166625,388859.91540000006,389019.84
1508714489.542456,389019.1899,389019.84
1508714496.352607,389084.1999,389084.85000000003
1508714502.97478,389084.1999,389084.85000000003
1508714510.440442,389084.1999,389084.85000000003
1508714517.24609,389084.1999,389084.85000000003
1508714524.035765,389084.1999,389084.85000000003
1508714532.24142,389148.5598,389149.2099
1508714540.666549,389279.22990000003,389279.88
1508714546.869696,389279.22990000003,389279.88
1508714554.259013,389292.2319,389292.88200000004
1508714560.454421,389292.2319,389292.88200000004
1508714566.992178,389292.2319,389292.88200000004
1508714573.462838,389292.2319,389292.88200000004
1508714580.780329,389368.9437,389402.74890000006
1508714586.958548,389409.2499,389409.9
1508714594.347423,389409.2499,389409.9
1508714600.985499,389409.2499,389409.9
1508714607.775727,389409.2499,389409.9
1508714615.026393,389409.2499,389409.9
1508714622.346705,389409.2499,389409.9
1508714629.968676,389606.23020000005,389606.8803
1508714636.992002,389606.23020000005,389606.8803
1508714643.179877,389606.23020000005,389606.8803
1508714649.8187,389655.6378,389656.28790000005
1508714657.274835,389655.6378,389656.28790000005
1508714664.180371,389655.6378,389656.28790000005
1508714670.562117,389655.6378,389656.28790000005
1508714677.770328,389655.6378,389656.28790000005
1508714683.976355,389655.6378,389656.28790000005
1508714691.049806,389655.6378,389656.28790000005
1508714697.657078,389655.6378,389656.28790000005
1508714704.24955,389655.6378,389656.28790000005
1508714712.669177,389655.6378,389656.28790000005
1508714719.958257,389655.6378,389656.28790000005
1508714727.264029,389655.6378,389656.28790000005
1508714734.827671,389655.6378,389656.28790000005
1508714742.069454,389726.4987,389727.1488
1508714748.915598,389726.4987,389727.1488
1508714755.129691,389726.4987,389727.1488
1508714762.346446,389726.4987,389727.1488
1508714768.543111,389726.4987,389727.1488
1508714774.71421,389734.29990000004,389734.95
1508714781.691114,389734.29990000004,389734.95
1508714788.956221,389734.29990000004,389734.95
1508714795.819063,389734.29990000004,389734.95
1508714803.192451,389734.29990000004,389734.95
1508714809.997083,389734.29990000004,389734.95
1508714816.606285,389734.29990000004,389734.95
1508714823.464378,389294.8323,389668.6398
1508714830.429995,389295.48240000004,389667.3396
1508714837.652365,389296.78260000004,389667.98970000003
1508714844.900826,389298.08280000003,389667.98970000003
1508714851.13451,389299.38300000003,389667.3396
1508714858.901658,389300.03310000006,389342.93970000005
1508714865.758432,389293.5321,389342.93970000005
1508714873.233659,389297.43270000006,389342.93970000005
1508714879.834316,389342.2896,389342.93970000005
1508714886.723769,389297.43270000006,389342.2896
1508714894.022979,389297.43270000006,389340.9894
1508714900.603628,389340.33930000005,389340.9894
1508714908.04935,389340.33930000005,389340.9894
1508714915.422383,389340.33930000005,389340.9894
1508714922.801088,389340.33930000005,389340.9894
1508714931.060874,389342.2896,389342.93970000005
1508714937.949681,389342.2896,389342.93970000005
1508714945.138787,389409.2499,389409.9
1508714952.494635,389666.68950000004,389667.3396
1508714958.689161,389734.29990000004,389734.95
1508714966.005355,389734.29990000004,389734.95
1508714973.488294,389734.29990000004,389734.95
1508714980.307659,389734.29990000004,389734.95
1508714987.536454,389734.29990000004,389734.95
1508714993.734508,389734.29990000004,389734.95
1508715000.718326,389742.1011,389742.7512
1508715008.054764,389742.1011,389742.7512
1508715015.387028,389877.972,389878.62210000004
1508715023.862135,389929.98000000004,389930.63010000007
1508715031.032533,389929.98000000004,389930.63010000007
1508715037.596081,389929.98000000004,389930.63010000007
1508715043.896639,389929.98000000004,389930.63010000007
1508715051.040048,389929.98000000004,389930.63010000007
1508715058.379421,389993.6898,389994.3399
1508715065.750366,390000.84090000007,390001.49100000004
1508715073.203784,390059.34990000003,390060.00000000006
1508715080.057599,391293.8898,391294.53990000003
1508715087.252458,391293.8898,391294.53990000003
1508715094.625048,391293.8898,391294.53990000003
1508715101.586533,391293.8898,391294.53990000003
1508715107.761351,391293.8898,391294.53990000003
1508715115.183263,391359.54990000004,391360.2
1508715121.36896,391684.59990000003,391685.25000000006
1508715128.036047,391684.59990000003,391685.25000000006
1508715135.480583,391684.59990000003,391685.25000000006
1508715143.881046,391684.59990000003,391685.25000000006
1508715150.460125,391684.59990000003,391685.25000000006
1508715157.73089,391684.59990000003,391685.25000000006
1508715164.347577,391684.59990000003,391685.25000000006
1508715170.936137,391684.59990000003,391685.25000000006
1508715177.473081,391684.59990000003,391685.25000000006
1508715184.612993,391684.59990000003,391685.25000000006
1508715191.177937,391684.59990000003,391685.25000000006
1508715198.664199,391684.59990000003,391685.25000000006
1508715206.037068,391684.59990000003,391685.25000000006
1508715212.658367,391684.59990000003,391685.25000000006
1508715219.891555,391684.59990000003,391685.25000000006
1508715226.680758,391684.59990000003,391685.25000000006
1508715234.508227,391684.59990000003,391685.25000000006
1508715243.310881,391684.59990000003,391685.25000000006
1508715250.583364,391684.59990000003,391685.25000000006
1508715257.338787,391684.59990000003,391685.25000000006
1508715265.635677,391684.59990000003,391685.25000000006
1508715272.499662,391684.59990000003,391685.25000000006
1508715278.687913,391684.59990000003,391685.25000000006
1508715285.888179,391684.59990000003,391685.25000000006
1508715292.09208,391684.59990000003,391685.25000000006
1508715298.946903,391684.59990000003,391685.25000000006
1508715306.904458,391684.59990000003,391685.25000000006
1508715314.784784,391684.59990000003,391685.25000000006
1508715321.363552,391684.59990000003,391685.25000000006
1508715328.927409,391684.59990000003,391685.25000000006
1508715335.119389,391684.59990000003,391685.25000000006
1508715341.723071,391684.59990000003,391685.25000000006
1508715348.317995,391726.85640000005,391743.759
1508715355.750859,391749.60990000004,391750.26
1508715363.635777,391749.60990000004,391750.26
1508715370.91132,391772.36340000003,391999.24830000004
1508715377.767559,391826.97180000006,391999.24830000004
1508715384.607256,391998.5982,391999.24830000004
1508715391.429571,391999.24830000004,392009.6499
1508715398.24693,391999.89840000006,392009.6499
1508715405.442971,392001.84870000003,392010.30000000005
1508715412.272512,392009.6499,392010.30000000005
1508715419.111438,392009.6499,392010.30000000005
1508715425.997928,392009.6499,392010.30000000005
1508715432.191284,392009.6499,392010.30000000005
1508715439.099532,392009.6499,392010.30000000005
1508715446.47356,392009.6499,392010.30000000005
1508715453.334582,392009.6499,392010.30000000005
1508715460.499527,392009.6499,392010.30000000005
1508715467.71167,391023.4482,391024.0983
1508715474.294066,391023.4482,391024.0983
1508715481.186232,391023.4482,391024.0983
1508715487.973043,391023.4482,391024.0983
1508715495.29586,391023.4482,391024.0983
1508715502.8123,391023.4482,391024.0983
1508715509.639895,391023.4482,391024.0983
1508715516.211444,390176.3679,390948.6867
1508715523.067089,390173.7675,390465.66240000003
1508715529.905951,390190.02,390464.36220000003
1508715537.746687,390191.3202000001,390461.1117
1508715544.522508,390191.9703,390326.541
1508715550.890415,390192.6204,390326.541
1508715558.07962,390193.92060000007,390194.57070000004
1508715564.65514,390193.92060000007,390194.57070000004
1508715571.052135,390060.00000000006,390191.3202000001
1508715577.858944,390060.00000000006,390060.6501
1508715584.440151,390060.00000000006,390060.6501
1508715591.278088,389010.08850000007,389097.852
1508715597.553373,389034.79230000003,389097.852
1508715604.816977,389056.2456000001,389136.85800000007
1508715612.161507,389078.349,389136.85800000007
1508715620.04575,389099.15220000007,389137.50810000004
1508715627.268351,389137.50810000004,389138.1582
1508715634.689929,389137.50810000004,389138.1582
1508715641.903609,389137.50810000004,389138.1582
1508715648.71684,389137.50810000004,389138.1582
1508715655.884858,389137.50810000004,389138.1582
1508715662.073312,390462.4119,390463.06200000003
1508715668.70155,390462.4119,390463.06200000003
1508715678.284876,390849.22140000004,390849.8715
1508715685.169987,390849.22140000004,390849.8715
1508715692.544844,390849.22140000004,390849.8715
1508715699.985262,390849.22140000004,390849.8715
1508715707.295385,390849.22140000004,390849.8715
1508715714.121228,390849.22140000004,390849.8715
1508715721.426939,390849.22140000004,390849.8715
1508715728.282475,390849.22140000004,390849.8715
1508715735.655083,390849.22140000004,390849.8715
1508715742.931143,390849.22140000004,390849.8715
1508715750.839599,390849.22140000004,390849.8715
1508715758.188162,390849.22140000004,390849.8715
1508715764.972737,390849.22140000004,390849.8715
1508715771.637972,390849.22140000004,390849.8715
1508715778.873114,390849.22140000004,390849.8715
1508715785.728094,390062.60040000005,390158.16510000004
1508715793.060089,389467.7589000001,390061.9503
1508715801.236152,389750.55240000004,390061.30020000006
1508715808.458773,390031.39560000005,390060.00000000006
1508715814.694373,390058.6998,390060.00000000006
1508715821.97991,390022.29420000006,390022.94430000003
1508715829.91385,390022.29420000006,390022.94430000003
1508715838.252893,390022.29420000006,390022.94430000003
1508715845.73301,390022.29420000006,390022.94430000003
1508715853.004332,390022.29420000006,390022.94430000003
1508715859.861454,390059.34990000003,390060.00000000006
1508715867.243855,390059.34990000003,390060.00000000006
1508715874.514592,390912.2811,390912.93120000005
1508715881.786863,390912.2811,390912.93120000005
1508715888.644354,390912.2811,390912.93120000005
1508715895.914772,391034.4999,391035.15
1508715903.289413,391034.4999,391035.15
1508715910.659919,391034.4999,391035.15
1508715918.206722,391034.4999,391035.15
1508715925.38529,390104.20680000004,390717.2511
1508715932.675419,390567.72810000007,390718.55130000005
1508715939.534093,390602.83350000007,390738.7044
1508715946.317327,390652.8912,390803.0643
1508715952.512155,390645.09,390800.46390000003
1508715958.70046,390669.1437,390773.1597
1508715965.956227,390771.8595,390772.50960000005
1508715972.772781,390771.8595,390799.81380000006
1508715979.984042,390773.1597,390797.86350000004
1508715987.239988,390771.8595,390795.26310000004
1508715994.112083,390799.16370000003,390799.81380000006
1508716001.301202,390799.16370000003,390799.81380000006
1508716008.085163,390799.16370000003,390799.81380000006
1508716014.87124,390799.16370000003,390799.81380000006
1508716021.048504,390799.16370000003,390799.81380000006
1508716028.547613,390799.16370000003,390799.81380000006
1508716035.793975,390799.16370000003,390799.81380000006
1508716042.751117,390799.16370000003,390799.81380000006
1508716050.639946,390799.16370000003,390799.81380000006
1508716057.824177,390799.16370000003,390799.81380000006
1508716064.022501,390799.16370000003,390799.81380000006
1508716070.206385,390799.16370000003,390799.81380000006
1508716076.427912,390799.16370000003,390799.81380000006
1508716083.306,390799.16370000003,390799.81380000006
1508716090.589356,390799.16370000003,390799.81380000006
1508716097.210098,390799.16370000003,390799.81380000006
1508716104.609343,390799.16370000003,390799.81380000006
1508716111.572702,390104.8569,390105.50700000004
1508716118.155468,390104.8569,390105.50700000004
1508716124.982568,390104.8569,390105.50700000004
1508716131.997834,390104.8569,390105.50700000004
1508716139.27834,390104.8569,390105.50700000004
1508716146.183809,390104.8569,390105.50700000004
1508716153.449852,390104.8569,390105.50700000004
1508716160.245144,390104.8569,390105.50700000004
1508716167.009913,390104.8569,390105.50700000004
1508716174.339692,390104.8569,390105.50700000004
1508716181.119336,390104.8569,390105.50700000004
1508716187.961219,390104.8569,390105.50700000004
1508716195.223142,390104.8569,390105.50700000004
1508716202.095374,390104.8569,390105.50700000004
1508716209.365902,390104.8569,390105.50700000004
1508716216.223184,390104.8569,390105.50700000004
1508716223.599596,390104.8569,390105.50700000004
1508716230.901635,390104.8569,390105.50700000004
1508716237.690488,390104.8569,390105.50700000004
1508716243.878657,390104.8569,390105.50700000004
1508716250.834228,390104.8569,390105.50700000004
1508716257.689876,390124.35990000004,390125.01
1508716264.895622,390124.35990000004,390125.01
1508716271.553156,390124.35990000004,390125.01
1508716278.588356,390124.35990000004,390125.01
1508716284.773856,390124.35990000004,390125.01
1508716292.098639,390219.2745,390219.9246
1508716299.379869,390219.2745,390219.9246
1508716306.241805,390219.2745,390219.9246
1508716313.501214,390219.2745,390219.9246
1508716320.362403,390092.505,390093.15510000003
1508716327.629267,390093.15510000003,390093.80520000006
1508716334.784944,390092.505,390093.15510000003
1508716341.659274,390092.505,390093.15510000003
1508716348.519483,390092.505,390093.15510000003
1508716356.41404,390219.9246,390220.57470000006
1508716363.274458,390222.525,390223.17510000005
1508716369.952498,390222.525,390223.17510000005
1508716376.272624,390222.525,390223.17510000005
1508716383.515931,390222.525,390223.17510000005
1508716390.362771,390225.77550000005,390226.4256000001
1508716397.783704,390225.77550000005,390226.4256000001
1508716404.640662,390225.77550000005,390226.4256000001
1508716411.242844,390225.77550000005,390226.4256000001
1508716417.43141,390225.77550000005,390226.4256000001
1508716424.018922,390225.77550000005,390226.4256000001
1508716430.861269,390225.77550000005,390226.4256000001
1508716438.741985,390225.77550000005,390226.4256000001
1508716445.60551,390635.33850000007,390774.4599
1508716452.468278,390721.15170000005,390772.50960000005
1508716459.735001,390724.40220000007,390766.6587
1508716466.323482,390724.40220000007,390767.9589
1508716473.105539,390728.95290000003,390771.8595
1508716480.418121,390227.0757,390762.10800000007
1508716487.241759,390230.3262,390729.60300000006
1508716493.938174,390243.3282,390764.70840000006
1508716500.796552,390273.8829,390687.9966
1508716506.988793,390316.7895,390671.094
1508716515.53766,390385.05000000005,390676.9449
1508716522.364294,390387.65040000004,390563.8275
1508716529.581048,390387.65040000004,390388.30050000007
1508716535.770196,390387.65040000004,390388.30050000007
1508716542.98505,390387.65040000004,390388.30050000007
1508716549.84656,390387.65040000004,390388.30050000007
1508716557.071474,390387.65040000004,390388.30050000007
1508716563.946341,390387.65040000004,390388.30050000007
1508716570.590471,390387.65040000004,390388.30050000007
1508716578.009285,390387.65040000004,390388.30050000007
1508716584.83518,390387.65040000004,390388.30050000007
1508716592.007541,390387.65040000004,390388.30050000007
1508716599.405607,390387.65040000004,390388.30050000007
1508716606.728149,390387.65040000004,390388.30050000007
1508716614.047284,390387.65040000004,390388.30050000007
1508716621.014119,390387.65040000004,390388.30050000007
1508716628.286488,390387.65040000004,390388.30050000007
1508716635.094419,390387.65040000004,390388.30050000007
1508716642.314463,390387.65040000004,390388.30050000007
1508716649.687077,390387.65040000004,390388.30050000007
1508716657.05961,390387.65040000004,390388.30050000007
1508716663.624059,390387.65040000004,390388.30050000007
1508716670.852112,390387.65040000004,390388.30050000007
1508716677.704927,390387.65040000004,390388.30050000007
1508716684.321993,390387.65040000004,390388.30050000007
1508716691.259403,390387.65040000004,390388.30050000007
1508716698.525951,390387.65040000004,390388.30050000007
1508716705.348354,390387.65040000004,390388.30050000007
1508716712.253805,390387.65040000004,390388.30050000007
1508716719.626427,390387.65040000004,390388.30050000007
1508716725.848099,390387.65040000004,390388.30050000007
1508716732.837056,390387.65040000004,390388.30050000007
1508716740.22487,390387.65040000004,390388.30050000007
1508716746.473072,390387.65040000004,390388.30050000007
1508716753.727683,390387.65040000004,390388.30050000007
1508716760.991367,390387.65040000004,390388.30050000007
1508716768.265312,390387.65040000004,390388.30050000007
1508716775.455468,390387.65040000004,390388.30050000007
1508716782.805364,390387.65040000004,390388.30050000007
1508716788.981903,390387.65040000004,390388.30050000007
1508716795.770748,390387.65040000004,390388.30050000007
1508716803.287276,390387.65040000004,390388.30050000007
1508716810.430353,390387.65040000004,390388.30050000007
1508716817.855496,390387.65040000004,390388.30050000007
1508716824.677139,390387.65040000004,390388.30050000007
1508716831.247605,390387.65040000004,390388.30050000007
1508716838.518718,390387.65040000004,390388.30050000007
1508716845.577287,390060.6501,390065.8509
1508716852.515124,390060.00000000006,390060.6501
1508716859.813168,390060.00000000006,390060.6501
1508716866.610619,390060.00000000006,390060.6501
1508716873.631438,390060.00000000006,390060.6501
1508716880.391982,390060.00000000006,390060.6501
1508716887.72781,390060.00000000006,390060.6501
1508716894.199575,390060.00000000006,390060.6501
1508716900.804788,390060.00000000006,390060.6501
1508716908.177513,390060.00000000006,390060.6501
1508716915.459651,390060.00000000006,390060.6501
1508716922.666307,390060.00000000006,390060.6501
1508716929.26456,390060.00000000006,390060.6501
1508716936.206738,390060.00000000006,390060.6501
1508716944.289488,390060.00000000006,390060.6501
1508716951.562034,390060.00000000006,390060.6501
1508716958.300825,390060.00000000006,390060.6501
1508716964.50109,390060.00000000006,390060.6501
1508716971.828373,390060.00000000006,390060.6501
1508716978.700557,390060.00000000006,390060.6501
1508716985.872406,390060.00000000006,390060.6501
1508716992.47772,390060.00000000006,390060.6501
1508716999.042651,390060.00000000006,390060.6501
1508717005.205205,390060.00000000006,390060.6501
1508717012.494159,390060.00000000006,390060.6501
1508717019.355964,390060.00000000006,390060.6501
1508717026.179862,390060.00000000006,390060.6501
1508717033.505289,390060.00000000006,390060.6501
1508717041.577077,390060.00000000006,390060.6501
1508717047.822597,390060.00000000006,390060.6501
1508717055.08838,390060.00000000006,390060.6501
1508717062.317439,390060.00000000006,390060.6501
1508717069.835923,390060.00000000006,390060.6501
1508717077.162688,390060.00000000006,390060.6501
1508717084.016405,390060.00000000006,390060.6501
1508717091.344161,390059.34990000003,390060.00000000006
1508717098.196289,390059.34990000003,390060.00000000006
1508717104.778888,390059.34990000003,390060.00000000006
1508717111.573442,390059.34990000003,390060.00000000006
1508717119.304516,390059.34990000003,390060.00000000006
1508717126.568807,390059.34990000003,390060.00000000006
1508717133.428401,390059.34990000003,390060.00000000006
1508717140.630138,390059.34990000003,390060.00000000006
1508717147.86932,389994.99000000005,390059.34990000003
1508717155.163825,389734.95,390040.49700000003
1508717161.996831,389482.7112,389964.4353
1508717168.625394,389514.5661,389955.984
1508717174.807586,389514.5661,389726.4987
1508717181.596223,389474.91000000003,389688.7929
1508717188.418231,389145.9594,389410.55010000005
1508717194.690181,389147.25960000005,389147.9097
1508717201.255595,389147.25960000005,389147.9097
1508717207.834044,389084.85000000003,389145.9594
1508717214.672861,389019.84,389116.7049
1508717221.594889,388831.31100000005,388923.62520000007
1508717228.867416,388804.6569,388831.31100000005
1508717235.723038,388434.75000000006,388811.808
1508717242.690526,387795.0516,388345.03620000003
1508717250.017711,387667.63200000004,387791.8011
1508717257.350166,387459.60000000003,387661.7811
1508717264.813016,387459.60000000003,387501.2064
1508717271.001138,387459.60000000003,387460.25010000006
1508717277.811732,387174.2061,387460.25010000006
1508717284.845679,387004.53,387068.2398
1508717292.460647,386873.2098,386873.85990000004
1508717299.74101,386808.84990000003,386873.2098
1508717306.433242,386808.84990000003,386809.50000000006
1508717313.24673,386808.84990000003,386809.50000000006
1508717319.94518,386808.84990000003,386809.50000000006
1508717326.79361,386808.84990000003,386809.50000000006
1508717334.135056,388431.49950000003,388432.1496
1508717342.629714,388431.49950000003,388432.1496
1508717351.547734,388596.6249,388632.3804
1508717357.718688,388672.6866,388673.33670000004
1508717364.298371,388672.6866,388673.33670000004
1508717371.61501,388672.6866,388673.33670000004
