1508702684.444333,385100.0,388500.0
1508702691.803675,385100.0,388500.0
1508702698.982375,385100.0,388500.0
1508702706.248614,385100.0,388500.0
1508702713.070624,385100.0,388500.0
1508702720.384069,385100.0,388500.0
1508702727.65885,385100.0,388500.0
1508702734.256004,385100.0,388500.0
1508702740.885181,385100.0,388500.0
1508702748.148948,385100.0,388500.0
1508702754.805865,385100.0,388500.0
1508702762.163769,385100.0,388500.0
1508702768.926895,385100.0,388500.0
1508702775.554307,385100.0,388500.0
1508702782.14235,385100.0,388500.0
1508702789.339911,385100.0,388500.0
1508702796.676924,385100.0,388500.0
1508702803.510212,385100.0,388500.0
1508702810.741958,385100.0,388500.0
1508702818.078779,385100.0,388500.0
1508702824.936284,385100.0,388500.0
1508702833.844936,385100.0,388500.0
1508702840.6481,385100.0,388500.0
1508702847.886983,385100.0,388500.0
1508702855.077133,385100.0,385100.0
1508702862.275419,385100.0,388500.0
1508702869.487765,385100.0,388500.0
1508702876.301084,385100.0,388500.0
1508702883.021488,385100.0,388500.0
1508702890.324895,385100.0,388500.0
1508702896.485073,385100.0,388500.0
1508702903.206309,385100.0,388500.0
1508702910.590293,385100.0,388500.0
1508702917.818904,385100.0,388500.0
1508702925.18984,385100.0,388500.0
1508702932.405376,385100.0,388000.0
1508702939.612701,385100.0,388000.0
1508702946.204706,385100.0,388000.0
1508702953.524932,385100.0,388000.0
1508702960.879271,385100.0,388000.0
1508702968.295537,385100.0,388000.0
1508702974.864805,385100.0,388000.0
1508702982.428317,385100.0,388000.0
1508702989.121696,385100.0,388000.0
1508702996.407364,385100.0,388000.0
1508703004.242623,385100.0,388000.0
1508703011.107449,385100.0,388000.0
1508703017.962176,385100.0,388000.0
1508703027.487953,385100.0,388000.0
1508703034.976309,385100.0,388000.0
1508703042.234489,385100.0,388000.0
1508703049.491485,385100.0,388000.0
1508703056.77297,385100.0,388000.0
1508703064.144454,385100.0,388000.0
1508703071.367063,385100.0,388000.0
1508703078.231299,385100.0,388000.0
1508703085.37855,385100.0,388000.0
1508703092.714346,385100.0,388000.0
1508703099.472087,385100.0,388000.0
1508703105.661591,385100.0,388000.0
1508703112.515918,385100.0,388000.0
1508703119.955402,385100.0,388000.0
1508703127.329063,385100.0,388000.0
1508703136.001924,385100.0,388000.0
1508703142.822547,385100.0,388000.0
1508703150.056981,385100.0,388000.0
1508703156.877253,385100.0,388000.0
1508703164.10044,385100.0,388000.0
1508703170.780125,385100.0,388000.0
1508703178.119083,385100.0,388000.0
1508703184.77495,385100.0,388000.0
1508703192.145967,385100.0,388000.0
1508703200.131614,385100.0,388000.0
1508703207.318619,385100.0,388000.0
1508703214.615496,385100.0,388000.0
1508703221.390526,385100.0,388000.0
1508703228.293176,385100.0,388000.0
1508703235.610411,385100.0,388000.0
1508703241.804169,385100.0,388000.0
1508703248.624015,385100.0,388000.0
1508703255.707548,385100.0,388000.0
1508703262.570901,385100.0,388000.0
1508703269.745337,385100.0,388000.0
1508703276.515592,385100.0,388000.0
1508703283.706858,385100.0,388000.0
1508703291.330382,385100.0,388000.0
1508703298.642168,385100.0,388000.0
1508703306.181384,385100.0,388000.0
1508703314.104538,385100.0,388000.0
1508703320.284547,385100.0,388000.0
1508703326.947476,385100.0,388000.0
1508703333.8705,385100.0,388000.0
1508703341.09804,385100.0,388000.0
1508703348.389567,385100.0,388000.0
1508703354.63006,385100.0,388000.0
1508703360.799121,385100.0,388000.0
1508703370.236827,385100.0,388000.0
1508703377.032047,385100.0,388000.0
1508703384.56646,385100.0,388000.0
1508703391.147789,385100.0,388000.0
1508703401.786026,385100.0,388000.0
1508703409.064783,385100.0,388000.0
1508703415.652952,385100.0,388000.0
1508703423.46918,385100.0,388000.0
1508703430.492051,385100.0,388000.0
1508703438.829666,385100.0,388000.0
1508703446.002034,385100.0,388000.0
1508703452.648304,385100.0,388000.0
1508703459.24602,385100.0,388000.0
1508703466.477134,385100.0,388000.0
1508703472.758738,385100.0,388000.0
1508703481.650318,385100.0,388000.0
1508703488.333295,385100.0,388000.0
1508703495.541925,385100.0,388000.0
1508703503.445803,385100.0,388000.0
1508703510.662692,385100.0,388000.0
1508703517.677931,385100.0,388000.0
1508703524.540696,385100.0,388000.0
1508703530.721954,385100.0,388000.0
1508703537.551108,385100.0,388000.0
1508703543.782997,385100.0,388000.0
1508703551.119845,385100.0,388000.0
1508703558.332014,385100.0,388000.0
1508703565.690415,385100.0,388000.0
1508703573.07437,385100.0,388000.0
1508703580.372538,385100.0,388000.0
1508703587.717334,385100.0,388000.0
1508703595.0548,385100.0,388000.0
1508703602.361257,385100.0,388000.0
1508703609.600154,385100.0,388000.0
1508703623.220078,385100.0,388000.0
1508703629.818451,385100.0,388000.0
1508703637.124762,385100.0,388000.0
1508703644.447198,385100.0,388000.0
1508703651.035488,385100.0,388000.0
1508703657.643843,385100.0,388000.0
1508703665.034795,385100.0,388000.0
1508703671.830169,385100.0,388000.0
1508703679.164895,385100.0,388000.0
1508703685.386789,385100.0,388000.0
1508703692.683053,385100.0,388000.0
1508703704.485574,385100.0,388000.0
1508703711.687451,385100.0,388000.0
1508703718.25539,385100.0,388000.0
1508703726.062887,385100.0,388000.0
1508703732.620322,385100.0,388000.0
1508703741.6313,385100.0,388000.0
1508703752.382255,385100.0,388000.0
1508703759.240381,385100.0,388000.0
1508703766.10173,385100.0,388000.0
1508703773.296438,385100.0,388000.0
1508703779.972121,385100.0,388000.0
1508703787.402284,385100.0,388000.0
1508703795.314291,385100.0,388000.0
1508703802.472237,385100.0,388000.0
1508703809.827423,385100.0,388000.0
1508703816.608958,385100.0,388000.0
1508703823.962124,385100.0,388000.0
1508703830.170641,385100.0,388000.0
1508703836.796097,385100.0,388000.0
1508703844.071681,385100.0,388000.0
1508703851.403672,385100.0,388000.0
1508703860.644531,385100.0,388000.0
1508703867.19251,385100.0,388000.0
1508703874.543796,385100.0,388000.0
1508703880.698255,385100.0,388000.0
1508703888.05954,385100.0,388000.0
1508703896.254509,385100.0,388000.0
1508703902.503174,385100.0,388000.0
1508703909.075478,385100.0,388000.0
1508703916.318202,385100.0,388000.0
1508703923.726937,385100.0,388000.0
1508703930.917567,385100.0,388000.0
1508703937.573071,385100.0,388000.0
1508703943.754866,385100.0,388000.0
1508703950.650421,385100.0,388000.0
1508703957.439942,385100.0,388000.0
1508703964.015111,385100.0,388000.0
1508703971.215664,385100.0,388000.0
1508703978.63648,385100.0,388000.0
1508703985.935181,385100.0,388000.0
1508703994.164559,385100.0,388000.0
1508704001.453034,385100.0,388000.0
1508704008.743621,385100.0,388000.0
1508704015.98062,385100.0,388000.0
1508704022.2345,385100.0,388000.0
1508704030.198602,385100.0,388000.0
1508704036.853599,385100.0,388000.0
1508704047.607858,385100.0,388000.0
1508704054.757158,385000.0,388000.0
1508704064.599937,385000.0,388000.0
1508704071.959876,385000.0,388000.0
1508704078.811936,385000.0,388000.0
1508704086.023697,385000.0,388000.0
1508704093.482865,380000.0,388000.0
1508704100.072144,380000.0,388000.0
1508704107.336519,380000.0,388000.0
1508704115.185975,380000.0,388000.0
1508704122.450791,380000.0,388000.0
1508704129.011567,380000.0,388000.0
1508704136.384101,380000.0,385000.0
1508704143.683966,380000.0,385000.0
1508704151.029251,380000.0,385000.0
1508704157.601195,382000.0,385000.0
1508704164.196141,382000.0,385000.0
1508704171.615692,382000.0,385000.0
1508704178.434723,382000.0,385000.0
1508704185.047073,382000.0,385000.0
1508704193.111658,382000.0,385000.0
1508704200.485686,382000.0,385000.0
1508704207.861355,382000.0,385000.0
1508704215.230924,382000.0,385000.0
1508704222.403327,382000.0,385000.0
1508704229.777853,382000.0,385000.0
1508704236.53803,382000.0,385000.0
1508704243.715535,382000.0,385000.0
1508704254.245724,382000.0,385000.0
1508704261.51811,382000.0,385000.0
1508704268.906788,382000.0,385000.0
1508704275.469673,382000.0,385000.0
1508704282.41428,382000.0,385000.0
1508704289.10709,382000.0,385000.0
1508704296.440473,382000.0,385000.0
1508704303.234589,382000.0,385000.0
1508704310.569481,382000.0,385000.0
1508704317.346038,382000.0,385000.0
1508704323.918462,382000.0,385000.0
1508704333.092557,382000.0,385000.0
1508704342.21636,382000.0,385000.0
1508704350.406341,382000.0,385000.0
1508704356.976812,382000.0,385000.0
1508704364.234147,382000.0,385000.0
1508704371.706879,382000.0,385000.0
1508704378.949219,382000.0,385000.0
1508704386.242908,382000.0,385000.0
1508704392.907336,382000.0,385000.0
1508704399.712733,382000.0,385000.0
1508704406.61826,382000.0,385000.0
1508704413.190249,382000.0,385000.0
1508704420.553362,382000.0,385000.0
1508704427.747396,382000.0,385000.0
1508704434.989483,382000.0,385000.0
1508704441.561523,382000.0,385000.0
1508704448.918019,382000.0,385000.0
1508704455.715413,382000.0,385000.0
1508704462.980392,382000.0,385000.0
1508704470.242089,382000.0,385000.0
1508704477.687843,382000.0,385000.0
1508704485.064219,382000.0,385000.0
1508704492.287215,382000.0,385000.0
1508704498.949773,382000.0,385000.0
1508704506.158577,382000.0,385000.0
1508704512.737124,380000.0,385000.0
1508704520.006759,380000.0,385000.0
1508704526.664713,380000.0,385000.0
1508704533.597328,380000.0,385000.0
1508704540.823286,380000.0,385000.0
1508704547.4806,380000.0,385000.0
1508704554.686849,380000.0,385000.0
1508704561.965806,380000.0,385000.0
1508704569.115741,380000.0,385000.0
1508704575.93265,380000.0,385000.0
1508704582.592462,380000.0,385000.0
1508704596.067151,380000.0,385000.0
1508704603.048036,380000.0,385000.0
1508704610.258577,380000.0,385000.0
1508704617.437894,380000.0,385000.0
1508704624.638524,380000.0,385000.0
1508704632.727551,380000.0,385000.0
1508704639.311586,380000.0,385000.0
1508704645.880203,380000.0,385000.0
1508704654.226115,380000.0,385000.0
1508704661.440019,380000.0,385000.0
1508704667.661648,380000.0,385000.0
1508704674.227989,380000.0,385000.0
1508704680.872243,380000.0,385000.0
1508704688.228233,380000.0,385000.0
1508704695.332543,380000.0,385000.0
1508704701.963127,380000.0,385000.0
1508704708.811324,380000.0,385000.0
1508704716.130225,380000.0,385000.0
1508704723.352648,380000.0,385000.0
1508704730.69825,380000.0,385000.0
1508704737.991396,380000.0,385000.0
1508704744.623339,380000.0,385000.0
1508704751.911935,380000.0,385000.0
1508704759.175537,380000.0,385000.0
1508704765.77556,380000.0,385000.0
1508704772.652143,380000.0,385000.0
1508704780.202027,380000.0,385000.0
1508704787.557914,380000.0,385000.0
1508704794.828621,380000.0,385000.0
1508704801.033774,380000.0,385000.0
1508704813.25715,380000.0,385000.0
1508704820.624044,380000.0,385000.0
1508704827.874035,380000.0,385000.0
1508704835.174583,380000.0,385000.0
1508704842.541111,380000.0,385000.0
1508704849.113966,380000.0,385000.0
1508704856.474317,380000.0,385000.0
1508704863.724747,380000.0,385000.0
1508704871.007011,380000.0,385000.0
1508704881.460637,380000.0,385000.0
1508704888.832974,380000.0,385000.0
1508704895.760076,380000.0,385000.0
1508704902.964314,380000.0,385000.0
1508704909.683642,380000.0,385000.0
1508704916.47823,380000.0,385000.0
1508704923.849343,380000.0,385000.0
1508704932.424913,380000.0,385000.0
1508704939.64966,380000.0,385000.0
1508704947.712183,380000.0,385000.0
1508704955.89768,380000.0,385000.0
1508704962.610041,380000.0,385000.0
1508704969.619373,380000.0,385000.0
1508704976.586761,380000.0,385000.0
1508704983.963418,380000.0,385000.0
1508704990.528709,380000.0,385000.0
1508704997.882161,380000.0,385000.0
1508705004.037575,380000.0,385000.0
1508705010.637419,380000.0,385000.0
1508705017.959907,380000.0,385000.0
1508705025.282538,380000.0,385000.0
1508705031.871079,380000.0,385000.0
1508705038.056555,380000.0,385000.0
1508705044.826207,380000.0,385000.0
1508705051.019856,380000.0,385000.0
1508705058.301523,380000.0,385000.0
1508705067.935935,380000.0,385000.0
1508705074.53457,380000.0,385000.0
1508705081.126077,380000.0,385000.0
1508705088.516668,380000.0,385000.0
1508705095.884753,380000.0,385000.0
1508705103.200652,380000.0,385000.0
1508705110.51759,380000.0,385000.0
1508705117.756733,380000.0,385000.0
1508705125.037789,380000.0,385000.0
1508705132.242411,380000.0,385000.0
1508705139.618973,380000.0,385000.0
1508705146.779282,380000.0,385000.0
1508705152.955803,380000.0,385000.0
1508705159.571744,380000.0,385000.0
1508705166.26233,380000.0,385000.0
1508705172.850499,380000.0,385000.0
1508705181.835354,380000.0,385000.0
1508705189.17772,380000.0,385000.0
1508705196.651153,380000.0,385000.0
1508705203.91993,380000.0,385000.0
1508705210.758852,380000.0,385000.0
1508705217.363573,380000.0,385000.0
1508705224.212638,380000.0,385000.0
1508705232.131934,380000.0,385000.0
1508705239.36669,380000.0,385000.0
1508705245.902135,380000.0,385000.0
1508705253.165771,380000.0,385000.0
1508705261.572355,380000.0,385000.0
1508705268.943411,380000.0,385000.0
1508705275.700292,380000.0,385000.0
1508705282.088771,380000.0,385000.0
1508705289.418752,380000.0,385000.0
1508705296.2835,380000.0,385000.0
1508705303.078207,380000.0,385000.0
1508705309.333093,380000.0,385000.0
1508705318.979888,380000.0,385000.0
1508705326.389676,380000.0,385000.0
1508705333.246548,380000.0,385000.0
1508705340.696891,380000.0,385000.0
1508705348.509023,380000.0,385000.0
1508705355.670886,380000.0,385000.0
1508705362.220339,380000.0,385000.0
1508705369.499736,380000.0,385000.0
1508705376.77341,380000.0,385000.0
1508705383.624803,380000.0,385000.0
1508705391.047967,380000.0,385000.0
1508705397.214611,380000.0,385000.0
1508705404.610789,380000.0,385000.0
1508705410.792286,380000.0,385000.0
1508705417.345844,380000.0,385000.0
1508705424.693582,380000.0,385000.0
1508705431.308728,380000.0,385000.0
1508705437.963968,380000.0,385000.0
1508705445.268578,380000.0,385000.0
1508705451.90213,380000.0,385000.0
1508705459.11719,380000.0,385000.0
1508705466.369939,380000.0,385000.0
1508705474.368594,380000.0,385000.0
1508705481.631475,380000.0,385000.0
1508705488.897624,380000.0,385000.0
1508705495.370696,380000.0,385000.0
1508705501.548544,380000.0,385000.0
1508705508.120414,380000.0,385000.0
1508705514.916435,380000.0,385000.0
1508705522.231053,380000.0,385000.0
1508705528.805483,380000.0,385000.0
1508705537.644148,380000.0,385000.0
1508705544.605909,380001.0,385000.0
1508705552.082897,380001.0,385000.0
1508705561.894931,380001.0,385000.0
1508705569.186136,380001.0,385000.0
1508705576.519492,380001.0,385000.0
1508705583.24735,380001.0,385000.0
1508705590.391412,380001.0,385000.0
1508705597.254259,380001.0,385000.0
1508705604.181033,380001.0,385000.0
1508705610.367634,380001.0,385000.0
1508705617.758461,380001.0,385000.0
1508705624.686675,380001.0,385000.0
1508705632.053815,380001.0,385000.0
1508705639.551168,380001.0,385000.0
1508705646.898189,380001.0,385000.0
1508705654.278177,380001.0,385000.0
1508705661.670861,380001.0,385000.0
1508705667.865417,380001.0,385000.0
1508705675.120965,380001.0,385000.0
1508705682.028418,380001.0,385000.0
1508705688.823432,380001.0,385000.0
1508705696.738689,380001.0,385000.0
1508705708.514669,380001.0,385000.0
1508705715.735587,380001.0,385000.0
1508705722.407694,380001.0,385000.0
1508705729.646866,380001.0,385000.0
1508705736.195859,380001.0,385000.0
1508705743.409419,380001.0,385000.0
1508705750.243303,380001.0,384500.0
1508705757.493803,380001.0,384500.0
1508705764.766194,380001.0,384500.0
1508705772.032458,380001.0,384500.0
1508705779.30505,380001.0,384500.0
1508705786.173943,380001.0,384500.0
1508705793.323165,380001.0,384500.0
1508705800.549166,380001.0,384500.0
1508705807.467805,380001.0,384499.0
1508705814.159004,380001.0,384499.0
1508705820.398181,380001.0,384499.0
1508705827.643763,380001.0,384499.0
1508705836.450925,380001.0,384499.0
1508705843.92202,380001.0,384499.0
1508705851.118681,380001.0,384499.0
1508705859.322734,380001.0,384499.0
1508705865.499767,380001.0,384499.0
1508705873.106817,380001.0,384499.0
1508705879.969214,380001.0,384499.0
1508705887.441771,380001.0,384499.0
1508705894.30409,380001.0,384499.0
1508705901.580996,380001.0,384499.0
1508705908.441186,380001.0,384499.0
1508705915.810081,380001.0,384499.0
1508705923.587471,380001.0,384499.0
1508705930.367389,380001.0,384499.0
1508705937.259716,380001.0,384499.0
1508705944.478701,380001.0,384499.0
1508705955.229647,380001.0,384499.0
1508705962.502624,380001.0,384499.0
1508705969.207592,380001.0,384499.0
1508705975.887996,380001.0,384499.0
1508705982.067873,380001.0,384499.0
1508705989.23403,380001.0,384499.0
1508705997.221151,380001.0,384499.0
1508706003.899952,380001.0,384499.0
1508706010.726373,380001.0,384499.0
1508706017.935903,380001.0,384499.0
1508706025.172852,380001.0,384499.0
1508706031.740499,380001.0,384499.0
1508706038.588639,380001.0,384499.0
1508706050.286426,380001.0,384499.0
1508706057.637036,380001.0,384499.0
1508706064.216452,380001.0,384499.0
1508706070.829334,380001.0,384499.0
1508706078.204149,380001.0,384499.0
1508706085.881369,380001.0,384450.0
1508706093.37383,380001.0,384450.0
1508706100.182688,380001.0,384450.0
1508706107.404505,380001.0,384450.0
1508706114.774482,380001.0,384450.0
1508706122.061938,380001.0,384450.0
1508706129.418655,380001.0,384450.0
1508706137.066128,380001.0,384450.0
1508706144.314868,380001.0,384450.0
1508706151.637362,380001.0,384450.0
1508706159.927431,380001.0,384450.0
1508706167.365285,380001.0,384449.0
1508706175.299056,380001.0,384449.0
1508706182.645065,380001.0,384449.0
1508706191.060634,380001.0,384449.0
1508706198.337268,380001.0,384449.0
1508706205.646024,380001.0,384449.0
1508706212.977972,380001.0,384449.0
1508706219.841441,380001.0,384449.0
1508706227.059228,380001.0,384449.0
1508706233.883931,380001.0,384449.0
1508706241.188249,380001.0,384449.0
1508706248.298331,380001.0,384449.0
1508706255.482123,380001.0,384449.0
1508706262.336545,380001.0,384449.0
1508706269.011861,380001.0,384449.0
1508706276.354045,380001.0,384449.0
1508706282.976051,380001.0,384449.0
1508706290.316503,380001.0,384449.0
1508706298.171598,380001.0,384449.0
1508706304.393431,380001.0,384449.0
1508706315.429515,380001.0,384449.0
1508706322.078834,380001.0,384449.0
1508706329.512268,380001.0,384449.0
1508706336.785987,380001.0,384449.0
1508706343.640656,380001.0,384449.0
1508706350.220541,380001.0,384449.0
1508706357.385903,380001.0,384449.0
1508706364.224779,380001.0,384449.0
1508706371.413922,380001.0,384449.0
1508706378.201048,380001.0,384449.0
1508706385.375105,380001.0,384449.0
1508706392.540073,380001.0,384449.0
1508706399.819919,380001.0,384449.0
1508706407.074373,380001.0,384449.0
1508706414.592551,380001.0,384449.0
1508706421.462521,380001.0,384449.0
1508706429.243674,380001.0,384449.0
1508706437.75103,380001.0,384449.0
1508706445.01792,380001.0,384449.0
1508706451.59492,380001.0,384449.0
1508706459.150941,380001.0,384449.0
1508706466.416296,380001.0,384449.0
1508706473.245546,380001.0,384449.0
1508706480.501439,380001.0,384449.0
1508706487.823964,380001.0,384449.0
1508706495.045437,380001.0,384449.0
1508706502.364329,380001.0,384449.0
1508706511.726489,380001.0,384449.0
1508706519.051382,380001.0,384449.0
1508706525.637772,380001.0,384449.0
1508706532.396293,380001.0,384449.0
1508706538.598071,380001.0,384449.0
1508706545.869627,380001.0,384449.0
1508706553.152181,380001.0,384449.0
1508706559.904014,380001.0,384449.0
1508706566.670626,380001.0,384449.0
1508706574.299049,381000.0,384449.0
1508706580.898595,381000.0,384449.0
1508706588.08784,381000.0,384449.0
1508706594.709277,381000.0,384449.0
1508706602.614187,381000.0,384449.0
1508706609.816811,381000.0,384449.0
1508706616.026863,381000.0,384449.0
1508706622.631681,381000.0,384449.0
1508706629.549896,381000.0,384449.0
1508706636.308903,381000.0,384449.0
1508706642.984541,381000.0,384449.0
1508706651.361053,381000.0,384449.0
1508706659.989305,381000.0,384449.0
1508706666.584221,381000.0,384449.0
1508706672.771168,381000.0,384449.0
1508706680.227346,381000.0,384449.0
1508706687.191158,381000.0,384449.0
1508706694.671631,381000.0,384449.0
1508706702.524789,381000.0,384449.0
1508706709.356741,381000.0,384449.0
1508706715.550821,381000.0,384449.0
1508706722.184447,381000.0,384449.0
1508706729.434639,381000.0,384449.0
1508706737.224172,381000.0,384449.0
1508706744.510273,381000.0,384449.0
1508706750.897123,381000.0,384449.0
1508706758.166823,381000.0,384449.0
1508706765.018168,381000.0,384449.0
1508706772.127294,381000.0,384449.0
1508706780.040844,381000.0,384449.0
1508706787.238754,381000.0,384449.0
1508706795.22634,381000.0,384449.0
1508706805.9986,381000.0,384449.0
1508706813.352023,381000.0,384449.0
1508706820.046443,381000.0,384449.0
1508706826.862813,381000.0,384449.0
1508706834.13529,381000.0,384449.0
1508706841.508026,381000.0,384449.0
1508706848.780481,381000.0,384449.0
1508706855.989671,381000.0,384449.0
1508706863.225413,381000.0,384449.0
1508706870.648028,381000.0,384449.0
1508706877.969191,381000.0,384449.0
1508706884.659338,381000.0,384449.0
1508706891.39804,381000.0,384449.0
1508706898.138895,381000.0,384449.0
1508706907.150341,381000.0,384449.0
1508706914.549747,381000.0,384449.0
1508706921.792907,381000.0,384449.0
1508706928.099805,381000.0,384449.0
1508706935.300027,381000.0,384449.0
1508706942.689209,381000.0,384449.0
1508706948.877351,381000.0,384449.0
1508706955.448713,381000.0,384449.0
1508706962.453875,381000.0,384449.0
1508706969.38918,381000.0,384449.0
1508706976.682354,381000.0,384449.0
1508706983.353733,381000.0,384449.0
1508706990.650922,381000.0,384449.0
1508706997.573374,381000.0,384449.0
1508707005.052218,381000.0,384449.0
1508707011.876544,381000.0,388000.0
1508707018.486503,381000.0,388000.0
1508707025.839295,381000.0,388000.0
1508707033.212721,381000.0,388000.0
1508707040.617726,381000.0,388000.0
1508707048.1572,381000.0,388000.0
1508707055.638548,381000.0,388000.0
1508707063.39301,381000.0,388000.0
1508707070.698888,381000.0,388000.0
1508707077.547476,381000.0,388000.0
1508707084.509844,381000.0,388000.0
1508707091.883212,381000.0,388000.0
1508707099.159111,381000.0,388000.0
1508707105.937001,381000.0,388000.0
1508707113.286206,381000.0,388000.0
1508707120.682195,381000.0,388000.0
1508707127.931514,381000.0,388000.0
1508707134.509845,381000.0,388000.0
1508707141.708087,381000.0,388000.0
1508707148.3447,381000.0,388000.0
1508707155.166024,381000.0,388000.0
1508707162.053606,381000.0,388000.0
1508707169.028795,381000.0,388000.0
1508707176.467359,381000.0,388000.0
1508707183.332056,381000.0,388000.0
1508707190.163953,381000.0,388000.0
1508707197.486512,381000.0,388000.0
1508707204.93838,381000.0,388000.0
1508707212.238991,381000.0,388000.0
1508707219.477432,381000.0,388000.0
1508707226.362252,381000.0,388000.0
1508707233.704537,381000.0,388000.0
1508707240.938721,381000.0,388000.0
1508707247.843283,381000.0,388000.0
1508707255.217093,381000.0,388000.0
1508707261.795439,381000.0,388000.0
1508707268.465835,381000.0,388000.0
1508707275.323001,381000.0,388000.0
1508707284.834684,381000.0,388000.0
1508707292.069706,381000.0,388000.0
1508707298.881663,381000.0,388000.0
1508707306.164415,381000.0,388000.0
1508707313.435016,381000.0,388000.0
1508707320.659404,381000.0,388000.0
1508707327.915174,381000.0,388000.0
1508707334.103402,381000.0,388000.0
1508707340.89194,381000.0,388000.0
1508707348.181388,381000.0,388000.0
1508707355.337631,381000.0,388000.0
1508707363.243675,381000.0,388000.0
1508707370.156574,381000.0,388000.0
1508707377.586849,381000.0,388000.0
1508707384.955741,381000.0,388000.0
1508707392.339119,381000.0,388000.0
1508707401.701306,381000.0,388000.0
1508707408.329707,381000.0,388000.0
1508707415.635588,381000.0,388000.0
1508707421.840607,381000.0,388000.0
1508707429.096381,381000.0,388000.0
1508707436.363778,381000.0,388000.0
1508707442.940689,381000.0,388000.0
1508707450.380196,381000.0,388000.0
1508707458.377646,381000.0,388000.0
1508707465.075313,381000.0,388000.0
1508707472.286266,381000.0,388000.0
1508707479.125737,381000.0,388000.0
1508707486.173933,381000.0,388000.0
1508707493.397912,381000.0,388000.0
1508707501.002878,381000.0,388000.0
1508707508.558063,381000.0,388000.0
1508707516.041327,381000.0,388000.0
1508707523.277631,381000.0,388000.0
1508707530.461078,381000.0,388000.0
1508707537.845507,381000.0,388000.0
1508707545.216364,381000.0,388000.0
1508707552.689376,381000.0,388000.0
1508707559.334257,381000.0,388000.0
1508707566.025378,381000.0,388000.0
1508707573.378669,381000.0,388000.0
1508707580.654957,381000.0,388000.0
1508707587.414319,381000.0,388000.0
1508707594.080793,381000.0,388000.0
1508707601.74724,381000.0,388000.0
1508707608.974108,381000.0,388000.0
1508707616.329984,381000.0,388000.0
1508707622.977171,381000.0,388000.0
1508707629.813027,381000.0,388000.0
1508707646.387414,381000.0,388000.0
1508707653.159618,381000.0,388000.0
1508707660.474717,381000.0,388000.0
1508707668.855539,381000.0,388000.0
1508707676.183083,381000.0,388000.0
1508707682.441924,381000.0,388000.0
1508707689.295877,381000.0,388000.0
1508707696.566582,381000.0,388000.0
1508707703.938799,381000.0,388000.0
1508707711.4132,381000.0,388000.0
1508707718.778937,381000.0,388000.0
1508707725.951388,381000.0,388000.0
1508707733.324553,381000.0,388000.0
1508707740.487253,381000.0,388000.0
1508707747.168475,381000.0,388000.0
1508707757.331219,381000.0,388000.0
1508707764.583025,381000.0,388000.0
1508707771.154297,381000.0,388000.0
1508707777.956405,381000.0,388000.0
1508707785.399129,381000.0,388000.0
1508707792.721663,381000.0,388000.0
1508707799.904066,381000.0,388000.0
1508707807.262643,381000.0,388000.0
1508707814.533272,381000.0,388000.0
1508707821.727989,381000.0,388000.0
1508707829.067352,381000.0,388000.0
1508707835.833338,381000.0,388000.0
1508707843.095379,381000.0,388000.0
1508707850.288609,381000.0,388000.0
1508707856.522001,381000.0,388000.0
1508707863.888142,381000.0,388000.0
1508707871.211123,381000.0,388000.0
1508707877.431735,381000.0,388000.0
1508707884.09133,381000.0,388000.0
1508707891.279527,381000.0,388000.0
1508707898.606611,381000.0,388000.0
1508707905.462096,381000.0,388000.0
1508707912.200201,381000.0,388000.0
1508707919.593509,381000.0,388000.0
1508707926.5532,381000.0,388000.0
1508707933.826842,381000.0,388000.0
1508707943.865925,381000.0,388000.0
1508707950.728842,381000.0,388000.0
1508707958.196187,381000.0,388000.0
1508707965.577288,381000.0,388000.0
1508707973.244585,381000.0,388000.0
1508707980.4776,381000.0,388000.0
1508707987.116375,381000.0,388000.0
1508707994.450092,381000.0,388000.0
1508708001.367433,381000.0,388000.0
1508708008.6783,381000.0,388000.0
1508708015.620972,381000.0,388000.0
1508708022.495561,381000.0,388000.0
1508708029.361532,381000.0,388000.0
1508708035.942465,381000.0,388000.0
1508708043.188117,381000.0,388000.0
1508708049.777882,381000.0,388000.0
1508708058.551677,381000.0,388000.0
1508708065.640663,381000.0,388000.0
1508708076.265897,381000.0,388000.0
1508708083.637512,381000.0,388000.0
1508708090.827612,381000.0,388000.0
1508708098.143834,381000.0,388000.0
1508708105.289007,381000.0,388000.0
1508708112.121365,381000.0,388000.0
1508708119.479993,381000.0,388000.0
1508708126.656366,381000.0,388000.0
1508708133.327207,381000.0,388000.0
1508708140.322852,381000.0,388000.0
1508708147.739797,381000.0,388000.0
1508708154.808547,381000.0,388000.0
1508708161.971891,381000.0,388000.0
1508708169.449532,381000.0,388000.0
1508708176.563121,381000.0,388000.0
1508708184.715086,381000.0,388000.0
1508708191.391592,381000.0,388000.0
1508708197.980221,381000.0,388000.0
1508708204.533093,381000.0,388000.0
1508708211.84523,381000.0,388000.0
1508708218.736912,381000.0,388000.0
1508708225.671344,381000.0,388000.0
1508708232.234512,381000.0,388000.0
1508708239.046518,381000.0,388000.0
1508708246.858768,381000.0,388000.0
1508708253.83366,381000.0,388000.0
1508708261.206102,381000.0,388000.0
1508708268.101681,381000.0,388000.0
1508708275.287644,381000.0,388000.0
1508708282.692041,381000.0,388000.0
1508708292.95098,381000.0,388000.0
1508708299.736203,381000.0,388000.0
1508708306.600308,381000.0,388000.0
1508708313.876613,381000.0,388000.0
1508708320.528439,381000.0,388000.0
1508708327.761133,381000.0,388000.0
1508708334.62321,381000.0,388000.0
1508708341.872493,381000.0,388000.0
1508708349.585239,381000.0,388000.0
1508708357.77103,381000.0,388000.0
1508708364.630508,381000.0,388000.0
1508708371.236746,381000.0,388000.0
1508708378.455234,381000.0,388000.0
1508708385.253934,381000.0,388000.0
1508708392.628916,381000.0,388000.0
1508708399.470964,381000.0,388000.0
1508708407.229524,381000.0,388000.0
1508708414.502464,381000.0,388000.0
1508708421.459569,381000.0,388000.0
1508708428.734493,381000.0,388000.0
1508708436.003335,381000.0,388000.0
1508708443.377177,381000.0,388000.0
1508708450.690661,381000.0,388000.0
1508708457.942211,381000.0,388000.0
1508708464.774355,381000.0,388000.0
1508708472.465662,381000.0,388000.0
1508708479.790863,381000.0,388000.0
1508708487.100185,381000.0,388000.0
1508708493.684239,381000.0,388000.0
1508708501.313774,381000.0,388000.0
1508708508.479323,381000.0,388000.0
1508708515.234807,381000.0,388000.0
1508708522.455544,381000.0,388000.0
1508708529.037422,381000.0,388000.0
1508708536.251769,381000.0,388000.0
1508708543.524225,381000.0,388000.0
1508708550.896795,381000.0,388000.0
1508708557.678134,381000.0,388000.0
1508708564.451953,381000.0,388000.0
1508708572.088316,381000.0,388000.0
1508708580.362505,381000.0,388000.0
1508708587.574221,381000.0,388000.0
1508708594.219366,381000.0,388000.0
1508708601.587533,381000.0,388000.0
1508708608.793159,381000.0,388000.0
1508708616.123199,381000.0,388000.0
1508708623.304981,381000.0,388000.0
1508708629.976988,381000.0,388000.0
1508708637.397808,381000.0,388000.0
1508708644.588672,381000.0,388000.0
1508708651.859298,381000.0,388000.0
1508708658.445783,381000.0,388000.0
1508708665.605539,381000.0,388000.0
1508708672.79472,381000.0,388000.0
1508708679.399822,381000.0,388000.0
1508708686.646108,381000.0,388000.0
1508708693.944855,381000.0,388000.0
1508708700.150794,381000.0,388000.0
1508708707.670712,381000.0,388000.0
1508708715.150138,381000.0,388000.0
1508708721.733997,381000.0,388000.0
1508708728.989393,381000.0,388000.0
1508708736.250657,381000.0,388000.0
1508708743.101146,381000.0,388000.0
1508708753.402961,381000.0,388000.0
1508708760.713197,381000.0,388000.0
1508708768.01532,381000.0,388000.0
1508708775.291773,381000.0,388000.0
1508708781.948863,381000.0,388000.0
1508708788.851774,381000.0,388000.0
1508708796.143673,381000.0,388000.0
1508708802.342692,381000.0,388000.0
1508708809.604396,381000.0,388000.0
1508708816.849439,381000.0,388000.0
1508708824.199503,381000.0,388000.0
1508708831.577086,381000.0,388000.0
1508708838.977882,381000.0,388000.0
1508708848.368983,381000.0,388000.0
1508708856.150022,381000.0,388000.0
1508708863.014017,381000.0,388000.0
1508708870.349554,381000.0,388000.0
1508708876.62502,381000.0,388000.0
1508708884.218593,381000.0,388000.0
1508708891.484872,381000.0,388000.0
1508708900.28909,381000.0,388000.0
1508708907.562018,381000.0,388000.0
1508708914.4219,381000.0,388000.0
1508708921.694528,381000.0,388000.0
1508708929.060572,381000.0,388000.0
1508708936.639817,381000.0,388000.0
1508708943.311838,381000.0,388000.0
1508708950.367404,381000.0,388000.0
1508708957.322384,381000.0,388000.0
1508708964.539694,381000.0,388000.0
1508708971.870055,381000.0,388000.0
1508708979.240633,381000.0,388000.0
1508708986.201279,381000.0,388000.0
1508708993.574851,381000.0,388000.0
1508708999.773766,381000.0,388000.0
1508709009.286203,381000.0,388000.0
1508709015.949479,381000.0,388000.0
1508709022.566811,381000.0,388000.0
1508709029.823202,381000.0,388000.0
1508709036.512924,381000.0,388000.0
1508709043.848142,381000.0,388000.0
1508709050.00807,381000.0,388000.0
1508709057.269994,381000.0,388000.0
1508709064.462586,381000.0,388000.0
1508709071.603546,381000.0,388000.0
1508709078.370203,381000.0,388000.0
1508709085.692687,381000.0,388000.0
1508709092.277703,381000.0,388000.0
1508709099.153554,381000.0,388000.0
1508709106.009416,381000.0,388000.0
1508709113.481722,381000.0,388000.0
1508709120.864864,381000.0,388000.0
1508709128.231141,381000.0,388000.0
1508709135.445242,381000.0,388000.0
1508709142.767815,381000.0,388000.0
1508709150.144423,381000.0,388000.0
1508709157.309088,381000.0,388000.0
1508709163.488551,381000.0,388000.0
1508709170.176952,381000.0,388000.0
1508709177.591481,381000.0,388000.0
1508709185.621433,381000.0,388000.0
1508709192.845442,381000.0,388000.0
1508709199.715568,381000.0,388000.0
1508709206.921371,381000.0,388000.0
1508709214.251077,381000.0,388000.0
1508709221.113972,381000.0,388000.0
1508709228.481507,381000.0,388000.0
1508709236.063332,381000.0,388000.0
1508709243.376605,381000.0,388000.0
1508709250.81062,381000.0,388000.0
1508709260.382948,381000.0,388000.0
1508709267.705509,381000.0,388000.0
1508709274.967171,381000.0,388000.0
1508709282.233268,381000.0,388000.0
1508709288.837585,381000.0,388000.0
1508709296.174367,381000.0,388000.0
1508709304.77486,381000.0,388000.0
1508709311.934623,381000.0,388000.0
1508709318.504685,381000.0,388000.0
1508709325.867464,381000.0,388000.0
1508709332.56831,381000.0,388000.0
1508709339.346285,381000.0,388000.0
1508709346.551969,381000.0,388000.0
1508709353.324249,381000.0,388000.0
1508709361.48831,381000.0,388000.0
1508709368.878317,381000.0,388000.0
1508709376.24891,381000.0,388000.0
1508709383.048047,381000.0,388000.0
1508709390.27912,381000.0,388000.0
1508709397.8582,381000.0,388000.0
1508709405.149069,381000.0,388000.0
1508709411.98021,381000.0,388000.0
1508709419.259421,381000.0,388000.0
1508709426.132581,381000.0,388000.0
1508709433.388328,381000.0,388000.0
1508709440.761,381000.0,388000.0
1508709447.585552,381000.0,388000.0
1508709454.21715,381000.0,388000.0
1508709461.755334,381000.0,388000.0
1508709468.609423,381000.0,388000.0
1508709475.194605,381000.0,388000.0
1508709482.542989,381000.0,388000.0
1508709490.200682,381000.0,388000.0
1508709496.772294,381000.0,388000.0
1508709504.145199,381000.0,388000.0
1508709510.950622,381000.0,388000.0
1508709517.706059,381000.0,388000.0
1508709524.97917,381000.0,388000.0
1508709532.184465,381000.0,388000.0
1508709538.768139,381000.0,388000.0
1508709546.128291,381000.0,388000.0
1508709552.700875,381000.0,388000.0
1508709559.99001,381000.0,388000.0
1508709566.804185,381000.0,388000.0
1508709573.585771,381000.0,388000.0
1508709580.379723,381000.0,388000.0
1508709586.550025,381000.0,388000.0
1508709593.166682,381000.0,388000.0
1508709600.038447,381000.0,388000.0
1508709607.677576,381000.0,388000.0
1508709614.533868,381000.0,388000.0
1508709621.821321,381000.0,388000.0
1508709629.078878,381000.0,388000.0
1508709635.905953,381000.0,388000.0
1508709643.206831,381000.0,388000.0
1508709649.783823,381000.0,388000.0
1508709656.463607,381000.0,388000.0
1508709663.138675,381000.0,388000.0
1508709670.336314,381000.0,388000.0
1508709677.236603,381000.0,388000.0
1508709683.844825,381000.0,388000.0
1508709690.426468,381000.0,388000.0
1508709696.674385,381000.0,388000.0
1508709703.619965,381000.0,388000.0
1508709710.998649,381000.0,388000.0
1508709718.215869,381000.0,388000.0
1508709725.115039,381000.0,388000.0
1508709731.912577,381000.0,388000.0
1508709744.870051,381000.0,388000.0
1508709751.713701,381000.0,388000.0
1508709759.33283,381000.0,388000.0
1508709766.527608,381000.0,388000.0
1508709773.761513,381000.0,388000.0
1508709780.958173,381000.0,388000.0
1508709787.90637,381000.0,388000.0
1508709796.230173,381000.0,388000.0
1508709803.293895,381000.0,388000.0
1508709810.507619,381000.0,388000.0
1508709817.75232,381000.0,388000.0
1508709824.765914,381000.0,388000.0
1508709832.113486,381000.0,388000.0
1508709839.31353,381000.0,388000.0
1508709846.031369,381000.0,387000.0
1508709853.240038,381000.0,387000.0
1508709860.431029,381000.0,387000.0
1508709867.670332,381000.0,387000.0
1508709874.362435,381000.0,387000.0
1508709881.646673,381000.0,387000.0
1508709888.55667,381000.0,387000.0
1508709895.859581,381000.0,387000.0
1508709902.896575,381000.0,387000.0
1508709910.780961,381000.0,387000.0
1508709917.990117,381000.0,387000.0
1508709925.216372,381000.0,387000.0
1508709932.05534,381000.0,387000.0
1508709939.351208,381000.0,387000.0
1508709946.316686,381000.0,387000.0
1508709953.275428,381000.0,387000.0
1508709960.96177,381000.0,387000.0
1508709969.916053,381000.0,387000.0
1508709976.669867,381000.0,387000.0
1508709983.99537,381000.0,387000.0
1508709990.177818,381000.0,387000.0
1508709996.403069,381000.0,387000.0
1508710003.351262,381000.0,387000.0
1508710010.151358,381000.0,387000.0
1508710017.423865,381000.0,387000.0
1508710024.261845,381000.0,387000.0
1508710031.924075,381000.0,387000.0
1508710040.52568,381000.0,387000.0
1508710048.410135,381000.0,387000.0
1508710055.549203,381000.0,387000.0
1508710062.843637,381000.0,387000.0
1508710070.282905,381000.0,387000.0
1508710077.922418,381000.0,387000.0
1508710084.86318,381000.0,387000.0
1508710091.661605,381000.0,387000.0
1508710099.039282,381000.0,387000.0
1508710106.211487,381000.0,387000.0
1508710113.443917,381000.0,387000.0
1508710121.42779,381000.0,387000.0
1508710128.796481,381000.0,387000.0
1508710135.358117,381000.0,387000.0
1508710142.618111,381000.0,387000.0
1508710149.888776,381000.0,387000.0
1508710156.852203,381000.0,387000.0
1508710163.70639,381000.0,387000.0
1508710170.507638,381000.0,387000.0
1508710177.834551,381000.0,387000.0
1508710184.981991,381000.0,387000.0
1508710192.205152,381000.0,387000.0
1508710198.752584,381000.0,387000.0
1508710205.615775,381000.0,387000.0
1508710213.34297,381000.0,387000.0
1508710220.20162,381000.0,387000.0
1508710227.6082,381000.0,387000.0
1508710234.186056,381000.0,387000.0
1508710241.403553,381000.0,387000.0
1508710247.957755,381000.0,387000.0
1508710254.730752,381000.0,387000.0
1508710261.910241,381000.0,387000.0
1508710269.287071,381000.0,387000.0
1508710276.58163,381000.0,387000.0
1508710285.818899,381000.0,387000.0
1508710293.145028,381000.0,387000.0
1508710300.367466,381000.0,387000.0
1508710307.690015,381000.0,387000.0
1508710313.917943,381000.0,387000.0
1508710321.20662,381000.0,387000.0
1508710327.881916,381000.0,387000.0
1508710335.190305,381000.0,387000.0
1508710341.994821,381000.0,387000.0
1508710349.377847,381000.0,387000.0
1508710356.742564,381000.0,387000.0
1508710364.168622,381000.0,387000.0
1508710371.001233,381000.0,387000.0
1508710378.237304,381000.0,387000.0
1508710385.717015,381000.0,387000.0
1508710394.928545,381000.0,387000.0
1508710403.166666,381000.0,387000.0
1508710411.239712,381000.0,387000.0
1508710418.585655,381000.0,387000.0
1508710425.960747,381000.0,387000.0
1508710432.923726,381000.0,387000.0
1508710440.606097,381000.0,387000.0
1508710447.426369,381000.0,387000.0
1508710453.974007,381000.0,387000.0
1508710461.390097,381000.0,387000.0
1508710467.547833,381000.0,387000.0
1508710474.91293,381000.0,387000.0
1508710481.474742,381000.0,387000.0
1508710488.431409,381000.0,387000.0
1508710494.618591,381000.0,387000.0
1508710501.395428,381000.0,387000.0
1508710508.956977,381000.0,387000.0
1508710516.731789,381000.0,387000.0
1508710523.649459,381000.0,387000.0
1508710530.544131,381000.0,387000.0
1508710537.88471,381000.0,387000.0
1508710545.197242,381000.0,387000.0
1508710552.424152,381000.0,387000.0
1508710559.282003,381000.0,387000.0
1508710566.067699,381000.0,387000.0
1508710572.417976,381000.0,387000.0
1508710579.25589,381000.0,387000.0
1508710586.897419,381000.0,387000.0
1508710594.103243,381000.0,387000.0
1508710601.319239,381000.0,387000.0
1508710608.590201,381000.0,387000.0
1508710615.857453,381000.0,387000.0
1508710623.124447,381000.0,387000.0
1508710630.298901,381000.0,387000.0
1508710637.153054,381000.0,387000.0
1508710644.371541,381000.0,387000.0
1508710651.606785,381000.0,388000.0
1508710658.162278,381000.0,388000.0
1508710665.351633,381000.0,388000.0
1508710672.96941,381000.0,388000.0
1508710680.155495,381000.0,388000.0
1508710686.337999,381000.0,388000.0
1508710692.909789,381000.0,388000.0
1508710699.786214,381000.0,388000.0
1508710708.019859,381000.0,388000.0
1508710715.333814,381000.0,388000.0
1508710722.621368,381000.0,388000.0
1508710729.812011,381000.0,388000.0
1508710737.772691,381000.0,388000.0
1508710744.613628,381000.0,388000.0
1508710751.822598,381000.0,388000.0
1508710759.085504,381000.0,388000.0
1508710766.324704,381000.0,388000.0
1508710773.612595,381000.0,388000.0
1508710780.515915,381000.0,388000.0
1508710787.091378,381000.0,388000.0
1508710794.297142,381000.0,388000.0
1508710801.44339,381000.0,388000.0
1508710809.278149,381000.0,388000.0
1508710817.240883,381000.0,388000.0
1508710823.99506,381000.0,388000.0
1508710830.582427,381000.0,388000.0
1508710837.920859,381000.0,388000.0
1508710845.219847,381000.0,388000.0
1508710852.419229,381000.0,388000.0
1508710859.047247,381000.0,388000.0
1508710865.877989,381000.0,388000.0
1508710872.732334,381000.0,388000.0
1508710879.331941,381000.0,388000.0
1508710886.557832,381000.0,388000.0
1508710893.777127,381000.0,388000.0
1508710900.9661,381000.0,388000.0
1508710908.270537,381000.0,388000.0
1508710915.113874,381000.0,388000.0
1508710922.379584,381000.0,388000.0
1508710929.266809,381000.0,388000.0
1508710936.561152,381000.0,388000.0
1508710943.398432,381000.0,388000.0
1508710951.185314,381000.0,388000.0
1508710958.962645,381000.0,388000.0
1508710965.822169,381000.0,388000.0
1508710973.190696,381000.0,388000.0
1508710980.055212,381000.0,388000.0
1508710986.240656,381000.0,388000.0
1508710993.573692,381000.0,388000.0
1508711000.152602,381000.0,388000.0
1508711007.742235,381000.0,388000.0
1508711015.072326,381000.0,388000.0
1508711022.548402,381000.0,388000.0
1508711029.921457,381000.0,388000.0
1508711037.293126,381000.0,388000.0
1508711044.670135,381000.0,388000.0
1508711051.837043,381000.0,388000.0
1508711059.72117,381000.0,388000.0
1508711066.9959,381000.0,388000.0
1508711074.367951,381000.0,388000.0
1508711081.734556,381000.0,388000.0
1508711088.80004,381000.0,388000.0
1508711096.489438,381000.0,388000.0
1508711104.753783,381000.0,388000.0
1508711111.980706,381000.0,388000.0
1508711118.904606,381000.0,388000.0
1508711126.132092,381000.0,388000.0
1508711132.750173,381000.0,388000.0
1508711140.191082,381000.0,388000.0
1508711147.542987,381000.0,388000.0
1508711154.791305,381000.0,388000.0
1508711161.6083,381000.0,388000.0
1508711169.080975,381000.0,388000.0
1508711175.986491,381000.0,388000.0
1508711184.134839,381000.0,388000.0
1508711190.796823,381000.0,388000.0
1508711198.571324,381000.0,388000.0
1508711205.843764,381000.0,388000.0
1508711213.531707,381000.0,388000.0
1508711220.39609,381000.0,388000.0
1508711227.082736,381000.0,388000.0
1508711233.349182,381000.0,388000.0
1508711239.562725,381000.0,388000.0
1508711246.809836,381000.0,388000.0
1508711255.346349,381000.0,388000.0
1508711262.88942,381000.0,388000.0
1508711270.056958,381000.0,388000.0
1508711277.118612,381000.0,388000.0
1508711284.790359,381000.0,388000.0
1508711291.360739,381000.0,388000.0
1508711298.935008,381000.0,388000.0
1508711307.224316,381000.0,388000.0
1508711314.796217,381000.0,388000.0
1508711321.669747,381000.0,388000.0
1508711327.858166,381000.0,388000.0
1508711335.325995,381000.0,388000.0
1508711342.755579,381000.0,388000.0
1508711349.652882,381000.0,388000.0
1508711357.098136,381000.0,388000.0
1508711364.053743,381000.0,388000.0
1508711370.712735,381000.0,388000.0
1508711378.0316,381000.0,388000.0
1508711384.946945,381000.0,388000.0
1508711392.209622,381000.0,388000.0
1508711399.430427,381000.0,388000.0
1508711406.858233,381000.0,388000.0
1508711413.627404,381000.0,388000.0
1508711420.995156,381000.0,388000.0
1508711427.604553,381000.0,388000.0
1508711435.026646,381000.0,388000.0
1508711441.799461,381000.0,388000.0
1508711449.09994,381000.0,388000.0
1508711456.427459,381000.0,388000.0
1508711463.251005,381000.0,388000.0
1508711469.888611,381000.0,388000.0
1508711476.894164,381000.0,388000.0
1508711486.218207,381000.0,388000.0
1508711493.080196,381000.0,388000.0
1508711499.946037,381000.0,388000.0
1508711507.133293,381000.0,388000.0
1508711514.587447,381000.0,388000.0
1508711521.143029,381000.0,388000.0
1508711528.611875,381000.0,388000.0
1508711535.891425,381000.0,388000.0
1508711543.168963,381000.0,388000.0
1508711551.042419,381000.0,388000.0
1508711557.241903,381000.0,388000.0
1508711563.863636,381000.0,388000.0
1508711570.808311,381000.0,388000.0
1508711577.765367,381000.0,388000.0
1508711584.645589,381000.0,388000.0
1508711592.003078,381000.0,388000.0
1508711599.208909,381000.0,388000.0
1508711606.409858,381000.0,388000.0
1508711612.597811,381000.0,388000.0
1508711619.553338,381000.0,388000.0
1508711626.229305,381000.0,388000.0
1508711633.786586,381000.0,388000.0
1508711640.954487,381000.0,388000.0
1508711648.214462,381000.0,388000.0
1508711656.003306,381000.0,388000.0
1508711663.274742,381000.0,388000.0
1508711670.114528,381000.0,388000.0
1508711676.912868,381000.0,388000.0
1508711683.79441,381000.0,388000.0
1508711691.028277,381000.0,388000.0
1508711697.304037,381000.0,388000.0
1508711704.842908,381000.0,388000.0
1508711712.216062,381000.0,388000.0
1508711719.696097,381000.0,388000.0
1508711727.074426,381000.0,388000.0
1508711733.933048,381000.0,388000.0
1508711741.196021,381000.0,388000.0
1508711747.750477,381000.0,388000.0
1508711754.824525,381000.0,388000.0
1508711761.787382,381000.0,388000.0
1508711769.120598,381000.0,388000.0
1508711776.016511,381000.0,388000.0
1508711783.256257,381000.0,388000.0
1508711790.045169,381000.0,388000.0
1508711797.317516,381000.0,388000.0
1508711804.522903,381000.0,388000.0
1508711811.75736,381000.0,388000.0
1508711818.96553,381000.0,388000.0
1508711826.190705,381000.0,388000.0
1508711833.878532,381000.0,388000.0
1508711841.25028,381000.0,388000.0
1508711849.238158,381000.0,388000.0
1508711856.598383,381000.0,388000.0
1508711863.980822,381000.0,388000.0
1508711871.210095,381000.0,388000.0
1508711878.444677,381000.0,388000.0
1508711885.321377,381000.0,388000.0
1508711891.54668,381000.0,388000.0
1508711899.1043,381000.0,388000.0
1508711906.986658,381000.0,388000.0
1508711913.955577,381000.0,388000.0
1508711920.893469,381000.0,388000.0
1508711928.036499,381000.0,388000.0
1508711935.261344,381000.0,388000.0
1508711941.449594,381000.0,388000.0
1508711948.688879,381000.0,388000.0
1508711962.483138,381000.0,388000.0
1508711968.697482,381000.0,388000.0
1508711976.007635,381000.0,388000.0
1508711983.258144,381000.0,388000.0
1508711990.021811,381000.0,388000.0
1508711997.220623,381000.0,388000.0
1508712003.797619,381000.0,388000.0
1508712011.548868,381000.0,388000.0
1508712018.551198,381000.0,388000.0
1508712025.800397,381000.0,388000.0
1508712032.389144,381000.0,388000.0
1508712039.282107,381000.0,388000.0
1508712045.476009,381000.0,388000.0
1508712052.81132,381000.0,388000.0
1508712060.17821,381000.0,388000.0
1508712067.039605,381000.0,388000.0
1508712074.431339,381000.0,388000.0
1508712081.305408,381000.0,388000.0
1508712088.067083,381000.0,388000.0
1508712095.366354,381000.0,388000.0
1508712102.185051,381000.0,388000.0
1508712108.832121,381000.0,388000.0
1508712116.094239,381000.0,388000.0
1508712122.885665,381000.0,388000.0
1508712129.54548,381000.0,388000.0
1508712135.755237,381000.0,388000.0
1508712143.187293,381000.0,388000.0
1508712151.099464,381000.0,388000.0
1508712157.972982,381000.0,388000.0
1508712165.245652,381000.0,388000.0
1508712172.440807,381000.0,388000.0
1508712180.115016,381000.0,388000.0
1508712189.515121,381000.0,388000.0
1508712196.376198,381000.0,388000.0
1508712204.570695,381000.0,388000.0
1508712213.579773,381000.0,388000.0
1508712221.442499,381000.0,388000.0
1508712228.829773,381000.0,388000.0
1508712236.135425,381000.0,388000.0
1508712245.142818,381000.0,388000.0
1508712252.598166,381000.0,388000.0
1508712260.074698,381000.0,388000.0
1508712268.361517,381000.0,388000.0
1508712277.752335,381000.0,388000.0
1508712285.303472,381000.0,388000.0
1508712294.781105,381000.0,388000.0
1508712301.950943,381000.0,388000.0
1508712314.104589,381000.0,388000.0
1508712322.017636,381000.0,388000.0
1508712330.182797,381000.0,388000.0
1508712337.333295,381000.0,388000.0
1508712344.013299,381000.0,388000.0
1508712352.025665,381000.0,388000.0
1508712358.984136,381000.0,388000.0
1508712365.840513,381000.0,388000.0
1508712373.110449,381000.0,388000.0
1508712379.817188,381000.0,388000.0
1508712387.34946,381000.0,388000.0
1508712394.820889,381000.0,388000.0
1508712401.412005,381000.0,388000.0
1508712408.957409,381000.0,388000.0
1508712416.22798,381000.0,388000.0
1508712423.091916,381000.0,388000.0
1508712431.075193,381000.0,388000.0
1508712438.656921,381000.0,388000.0
1508712445.620291,381000.0,388000.0
1508712453.603608,381000.0,388000.0
1508712461.077755,381000.0,388000.0
1508712469.989751,381000.0,388000.0
1508712477.362142,381000.0,388000.0
1508712484.150207,381000.0,388000.0
1508712490.900643,381000.0,388000.0
1508712497.735572,381000.0,388000.0
1508712504.906413,381000.0,388000.0
1508712513.151758,381000.0,388000.0
1508712520.443387,381000.0,388000.0
1508712527.839328,381000.0,388000.0
1508712535.104946,381000.0,388000.0
1508712541.913992,381000.0,388000.0
1508712548.10127,381000.0,388000.0
1508712555.592244,381000.0,388000.0
1508712562.763662,381000.0,388000.0
1508712570.185023,381000.0,388000.0
1508712576.808046,381000.0,388000.0
1508712584.25814,381000.0,388000.0
1508712591.053316,381000.0,388000.0
1508712597.816454,381000.0,388000.0
1508712604.851369,381000.0,388000.0
1508712612.220322,381000.0,388000.0
1508712619.698826,381000.0,388000.0
1508712627.582653,381000.0,388000.0
1508712634.95452,381000.0,388000.0
1508712642.269291,381000.0,388000.0
1508712649.700488,381000.0,388000.0
1508712657.072962,381000.0,388000.0
1508712664.445388,381000.0,388000.0
1508712671.868041,381000.0,388000.0
1508712678.880678,381000.0,388000.0
1508712686.253243,381000.0,388000.0
1508712692.842005,381000.0,388000.0
1508712700.107398,381000.0,388000.0
1508712707.661903,381000.0,388000.0
1508712714.368725,381000.0,388000.0
1508712721.279625,381000.0,388000.0
1508712727.474144,381000.0,388000.0
1508712734.384794,381000.0,388000.0
1508712741.657208,381000.0,388000.0
1508712749.128087,381000.0,388000.0
1508712756.509108,381000.0,388000.0
1508712763.841643,381000.0,388000.0
1508712770.059738,381000.0,388000.0
1508712777.601621,381000.0,388000.0
1508712783.82435,381000.0,388000.0
1508712793.505442,381000.0,388000.0
1508712800.439118,381000.0,388000.0
1508712808.182231,381000.0,388000.0
1508712815.820003,381000.0,388000.0
1508712823.122334,381000.0,388000.0
1508712829.927853,381000.0,388000.0
1508712836.948806,381000.0,388000.0
1508712844.258634,381000.0,388000.0
1508712851.428498,381000.0,388000.0
1508712858.600851,381000.0,388000.0
1508712865.972106,381000.0,388000.0
1508712872.761551,381000.0,388000.0
1508712880.009591,381000.0,388000.0
1508712886.864561,381000.0,388000.0
1508712894.195971,381000.0,388000.0
1508712900.994531,381000.0,388000.0
1508712909.398799,381000.0,388000.0
1508712916.247155,381000.0,388000.0
1508712923.056726,381000.0,388000.0
1508712929.996974,381000.0,388000.0
1508712937.347328,381000.0,388000.0
1508712944.627098,381000.0,388000.0
1508712951.776287,381000.0,388000.0
1508712959.151864,381000.0,388000.0
1508712966.122365,381000.0,388000.0
1508712973.413887,381000.0,388000.0
1508712980.882109,381000.0,388000.0
1508712987.052189,381000.0,388000.0
1508712993.974463,381000.0,388000.0
1508713000.833166,381000.0,388000.0
1508713008.14483,381000.0,388000.0
1508713015.359208,381000.0,388000.0
1508713022.154737,381000.0,388000.0
1508713029.037434,381000.0,388000.0
1508713036.259992,381000.0,388000.0
1508713043.082033,381000.0,388000.0
1508713049.270336,381000.0,388000.0
1508713056.153307,381000.0,388000.0
1508713062.330757,381000.0,388000.0
1508713068.936065,381000.0,388000.0
1508713075.487644,381000.0,388000.0
1508713082.853979,381000.0,388000.0
1508713089.71799,381000.0,388000.0
1508713096.990241,381000.0,388000.0
1508713103.849323,381000.0,388000.0
1508713110.500734,381000.0,388000.0
1508713117.668838,381000.0,388000.0
1508713124.263714,381000.0,388000.0
1508713131.903091,381000.0,388000.0
1508713139.175583,381000.0,388000.0
1508713146.049205,381000.0,388000.0
1508713152.895298,381000.0,388000.0
1508713159.578146,381000.0,388000.0
1508713166.947767,381000.0,388000.0
1508713174.303646,381000.0,388000.0
1508713181.567352,381000.0,388000.0
1508713188.431795,381000.0,388000.0
1508713196.008561,381000.0,388000.0
1508713203.166823,381000.0,388000.0
1508713210.449456,381000.0,388000.0
1508713217.407543,381000.0,388000.0
1508713224.093577,381000.0,388000.0
1508713231.3386,381000.0,388000.0
1508713237.521111,381000.0,388000.0
1508713244.892323,381000.0,388000.0
1508713252.132729,381000.0,388000.0
1508713259.40006,381000.0,388000.0
1508713266.187635,381000.0,388000.0
1508713273.014445,381000.0,388000.0
1508713280.232807,381000.0,388000.0
1508713287.509515,381000.0,388000.0
1508713294.085066,381000.0,388000.0
1508713300.686199,381000.0,388000.0
1508713307.336922,381000.0,388000.0
1508713314.082374,381000.0,388000.0
1508713321.319274,381000.0,388000.0
1508713328.610671,381000.0,388000.0
1508713335.281155,381000.0,388000.0
1508713343.504629,381000.0,388000.0
1508713350.170402,381000.0,388000.0
1508713356.991112,381000.0,388000.0
1508713364.276946,381000.0,388000.0
1508713371.561724,381000.0,388000.0
1508713377.733318,381000.0,388000.0
1508713384.999618,381000.0,388000.0
1508713392.209555,381000.0,388000.0
1508713398.963858,381000.0,388000.0
1508713406.269022,381000.0,388000.0
1508713413.111652,381000.0,388000.0
1508713420.984744,381000.0,388000.0
1508713428.484183,381000.0,388000.0
1508713435.423099,381000.0,388000.0
1508713442.688311,381000.0,388000.0
1508713448.899833,381000.0,388000.0
1508713455.697972,381000.0,388000.0
1508713463.204339,381000.0,388000.0
1508713470.547094,381000.0,388000.0
1508713477.159977,381000.0,388000.0
1508713484.167089,381000.0,388000.0
1508713491.341617,381000.0,388000.0
1508713498.296554,381000.0,388000.0
1508713505.102118,381000.0,388000.0
1508713512.941687,381000.0,388000.0
1508713519.535333,381000.0,388000.0
1508713527.098359,381000.0,388000.0
1508713533.75361,381000.0,388000.0
1508713540.593144,381000.0,388000.0
1508713547.452551,381000.0,388000.0
1508713554.867701,381000.0,388000.0
1508713562.414662,381000.0,388000.0
1508713569.268128,381000.0,388000.0
1508713576.451679,381000.0,388000.0
1508713583.797829,381000.0,388000.0
1508713590.761903,381000.0,388000.0
1508713597.6694,381000.0,388000.0
1508713604.959309,381000.0,388000.0
1508713612.169517,381000.0,388000.0
1508713619.435594,381000.0,388000.0
1508713626.230688,381000.0,388000.0
1508713632.519305,381000.0,388000.0
1508713639.743219,381000.0,388000.0
1508713647.595603,381000.0,388000.0
1508713654.658979,381000.0,388000.0
1508713661.853493,381000.0,388000.0
1508713669.099853,381000.0,388000.0
1508713676.189078,381000.0,388000.0
1508713683.428218,381000.0,388000.0
1508713690.232182,381000.0,388000.0
1508713697.572766,381000.0,388000.0
1508713703.744361,381000.0,388000.0
1508713710.599912,381000.0,388000.0
1508713717.844909,381000.0,388000.0
1508713725.628632,381000.0,388000.0
1508713732.198947,381000.0,388000.0
1508713739.455793,381000.0,388000.0
1508713746.61853,381000.0,388000.0
1508713753.484213,381000.0,388000.0
1508713760.046838,381000.0,388000.0
1508713767.308632,381000.0,388000.0
1508713774.672338,381000.0,388000.0
1508713781.538342,381000.0,388000.0
1508713788.262179,381000.0,388000.0
1508713795.568089,381000.0,388000.0
1508713802.790462,381000.0,388000.0
1508713809.362354,381000.0,388000.0
1508713818.297935,381000.0,388000.0
1508713825.163648,381000.0,388000.0
1508713832.535082,381000.0,388000.0
1508713839.803451,381000.0,388000.0
1508713846.506641,381000.0,388000.0
1508713852.692401,381000.0,388000.0
1508713860.435859,381000.0,388000.0
1508713868.026035,381000.0,388000.0
1508713874.82928,381000.0,388000.0
1508713882.199864,381000.0,388000.0
1508713889.159644,381000.0,388000.0
1508713896.125072,381000.0,388000.0
1508713902.737118,381000.0,388000.0
1508713909.353606,381000.0,388000.0
1508713916.648382,381000.0,388000.0
1508713923.56326,381000.0,388000.0
1508713930.59552,381000.0,388000.0
1508713937.90626,381000.0,388000.0
1508713944.210046,381000.0,388000.0
1508713952.039855,381000.0,388000.0
1508713959.307676,381000.0,388000.0
1508713966.371388,381000.0,388000.0
1508713973.743924,381000.0,388000.0
1508713981.018062,381000.0,388000.0
1508713987.794657,381000.0,388000.0
1508713995.646537,381000.0,388000.0
1508714002.924935,381000.0,388000.0
1508714010.222687,381000.0,388000.0
1508714016.477871,381000.0,388000.0
1508714024.334491,381000.0,388000.0
1508714031.605595,381000.0,388000.0
1508714038.900744,381000.0,388000.0
1508714045.782307,381000.0,388000.0
1508714052.085444,381000.0,388000.0
1508714058.684151,381000.0,388000.0
1508714065.908284,381000.0,388000.0
1508714072.461791,381000.0,388000.0
1508714079.795572,381000.0,388000.0
1508714086.694065,381000.0,388000.0
1508714094.002202,381000.0,388000.0
1508714100.92928,381000.0,388000.0
1508714107.498988,381000.0,388000.0
1508714114.337188,381000.0,388000.0
1508714122.056073,381000.0,388000.0
1508714129.391376,381000.0,388000.0
1508714136.762185,381000.0,388000.0
1508714143.631895,381000.0,388000.0
1508714150.339707,381000.0,388000.0
1508714157.250039,381000.0,388000.0
1508714164.550854,381000.0,388000.0
1508714172.603305,381000.0,388000.0
1508714179.370292,381000.0,388000.0
1508714186.062803,381000.0,388000.0
1508714192.257817,381000.0,388000.0
1508714199.541559,381000.0,388000.0
1508714206.218802,381000.0,388000.0
1508714213.002325,380001.0,388000.0
1508714219.592979,380001.0,388000.0
1508714226.477873,380001.0,388000.0
1508714233.669975,380001.0,388000.0
1508714241.009963,380001.0,388000.0
1508714247.683251,380001.0,388000.0
1508714255.553147,380001.0,388000.0
1508714262.825575,380001.0,388000.0
1508714269.63104,380001.0,388000.0
1508714276.905256,380001.0,388000.0
1508714284.074188,380001.0,388000.0
1508714290.764718,380001.0,388000.0
1508714297.339522,380001.0,388000.0
1508714304.63659,380001.0,388000.0
1508714311.84018,380001.0,388000.0
1508714318.545442,380001.0,388000.0
1508714326.393259,380001.0,388000.0
1508714332.998441,380001.0,388000.0
1508714339.962747,380001.0,388000.0
1508714347.568916,380001.0,388000.0
1508714354.431048,380001.0,388000.0
1508714361.721423,380001.0,388000.0
1508714369.010587,380001.0,388000.0
1508714375.63685,380001.0,388000.0
1508714381.978973,380001.0,388000.0
1508714389.253839,380001.0,388000.0
1508714396.355069,380001.0,388000.0
1508714403.20972,380001.0,388000.0
1508714410.589858,380001.0,388000.0
1508714417.845514,380001.0,388000.0
1508714425.23291,380001.0,388000.0
1508714432.480105,380001.0,388000.0
1508714439.772588,380001.0,388000.0
1508714447.041596,380001.0,388000.0
1508714453.845212,380001.0,388000.0
1508714460.650769,380001.0,388000.0
1508714467.432944,380001.0,388000.0
1508714474.794032,380001.0,388000.0
1508714482.166625,380001.0,388000.0
1508714489.542456,380001.0,388000.0
1508714496.352607,380001.0,388000.0
1508714502.97478,380001.0,388000.0
1508714510.440442,380001.0,388000.0
1508714517.24609,380001.0,388000.0
1508714524.035765,380001.0,388000.0
1508714532.24142,380001.0,388000.0
1508714540.666549,380001.0,388000.0
1508714546.869696,380001.0,388000.0
1508714554.259013,380001.0,388000.0
1508714560.454421,380001.0,388000.0
1508714566.992178,380001.0,388000.0
1508714573.462838,380001.0,388000.0
1508714580.780329,380001.0,388000.0
1508714586.958548,380001.0,388000.0
1508714594.347423,380001.0,388000.0
1508714600.985499,380001.0,388000.0
1508714607.775727,380001.0,388000.0
1508714615.026393,380001.0,388000.0
1508714622.346705,380001.0,388000.0
1508714629.968676,380001.0,388000.0
1508714636.992002,380001.0,388000.0
1508714643.179877,380001.0,388000.0
1508714649.8187,380001.0,388000.0
1508714657.274835,380001.0,388000.0
1508714664.180371,380001.0,388000.0
1508714670.562117,380001.0,388000.0
1508714677.770328,380001.0,388000.0
1508714683.976355,380001.0,388000.0
1508714691.049806,380001.0,388000.0
1508714697.657078,380001.0,388000.0
1508714704.24955,380001.0,388000.0
1508714712.669177,380001.0,388000.0
1508714719.958257,380001.0,388000.0
1508714727.264029,380001.0,388000.0
1508714734.827671,380001.0,388000.0
1508714742.069454,380001.0,388000.0
1508714748.915598,380001.0,388000.0
1508714755.129691,380001.0,388000.0
1508714762.346446,380001.0,388000.0
1508714768.543111,380001.0,388000.0
1508714774.71421,380001.0,388000.0
1508714781.691114,380001.0,388000.0
1508714788.956221,380001.0,388000.0
1508714795.819063,380001.0,388000.0
1508714803.192451,380001.0,388000.0
1508714809.997083,380001.0,388000.0
1508714816.606285,380001.0,388000.0
1508714823.464378,380001.0,388000.0
1508714830.429995,380001.0,388000.0
1508714837.652365,380001.0,388000.0
1508714844.900826,380001.0,388000.0
1508714851.13451,380001.0,388000.0
1508714858.901658,380001.0,388000.0
1508714865.758432,380001.0,388000.0
1508714873.233659,380001.0,388000.0
1508714879.834316,380001.0,388000.0
1508714886.723769,380001.0,388000.0
1508714894.022979,380001.0,388000.0
1508714900.603628,380001.0,388000.0
1508714908.04935,380001.0,388000.0
1508714915.422383,380001.0,388000.0
1508714922.801088,380001.0,388000.0
1508714931.060874,380001.0,388000.0
1508714937.949681,380001.0,388000.0
1508714945.138787,380001.0,388000.0
1508714952.494635,380001.0,388000.0
1508714958.689161,380001.0,388000.0
1508714966.005355,380001.0,388000.0
1508714973.488294,380001.0,388000.0
1508714980.307659,380001.0,388000.0
1508714987.536454,380001.0,388000.0
1508714993.734508,380001.0,388000.0
1508715000.718326,380001.0,388000.0
1508715008.054764,380001.0,388000.0
1508715015.387028,380001.0,388000.0
1508715023.862135,380001.0,388000.0
1508715031.032533,380001.0,388000.0
1508715037.596081,380001.0,388000.0
1508715043.896639,380001.0,388000.0
1508715051.040048,380001.0,388000.0
1508715058.379421,380001.0,388000.0
1508715065.750366,380001.0,388000.0
1508715073.203784,380001.0,388000.0
1508715080.057599,380001.0,388000.0
1508715087.252458,380001.0,388000.0
1508715094.625048,380001.0,388000.0
1508715101.586533,380001.0,388000.0
1508715107.761351,380001.0,388000.0
1508715115.183263,380001.0,388000.0
1508715121.36896,380001.0,388000.0
1508715128.036047,380001.0,388000.0
1508715135.480583,380001.0,388000.0
1508715143.881046,380001.0,388000.0
1508715150.460125,380001.0,388000.0
1508715157.73089,380001.0,388000.0
1508715164.347577,380001.0,388000.0
1508715170.936137,380001.0,388000.0
1508715177.473081,380001.0,388000.0
1508715184.612993,380001.0,388000.0
1508715191.177937,380001.0,388000.0
1508715198.664199,380001.0,388000.0
1508715206.037068,380001.0,388000.0
1508715212.658367,380001.0,388000.0
1508715219.891555,380001.0,388000.0
1508715226.680758,380001.0,388000.0
1508715234.508227,380001.0,388000.0
1508715243.310881,380001.0,388000.0
1508715250.583364,380001.0,388000.0
1508715257.338787,380001.0,388000.0
1508715265.635677,380001.0,388000.0
1508715272.499662,380001.0,388000.0
1508715278.687913,380001.0,388000.0
1508715285.888179,380001.0,388000.0
1508715292.09208,380001.0,388000.0
1508715298.946903,380001.0,388000.0
1508715306.904458,380001.0,388000.0
1508715314.784784,380001.0,388000.0
1508715321.363552,380001.0,388000.0
1508715328.927409,380001.0,388000.0
1508715335.119389,380001.0,388000.0
1508715341.723071,380001.0,388000.0
1508715348.317995,380001.0,388000.0
1508715355.750859,380001.0,388000.0
1508715363.635777,380001.0,388000.0
1508715370.91132,380001.0,388000.0
1508715377.767559,380001.0,388000.0
1508715384.607256,380001.0,388000.0
1508715391.429571,380001.0,388000.0
1508715398.24693,380001.0,388000.0
1508715405.442971,380001.0,388000.0
1508715412.272512,380001.0,388000.0
1508715419.111438,380001.0,388000.0
1508715425.997928,380001.0,388000.0
1508715432.191284,380001.0,388000.0
1508715439.099532,380001.0,388000.0
1508715446.47356,380001.0,388000.0
1508715453.334582,380001.0,388000.0
1508715460.499527,380001.0,388000.0
1508715467.71167,380001.0,388000.0
1508715474.294066,380001.0,388000.0
1508715481.186232,380001.0,388000.0
1508715487.973043,380001.0,388000.0
1508715495.29586,380001.0,388000.0
1508715502.8123,380001.0,388000.0
1508715509.639895,380001.0,388000.0
1508715516.211444,380001.0,388000.0
1508715523.067089,380001.0,388000.0
1508715529.905951,380001.0,388000.0
1508715537.746687,380001.0,388000.0
1508715544.522508,380001.0,388000.0
1508715550.890415,380001.0,388000.0
1508715558.07962,380001.0,388000.0
1508715564.65514,380001.0,388000.0
1508715571.052135,380001.0,388000.0
1508715577.858944,380001.0,388000.0
1508715584.440151,380001.0,388000.0
1508715591.278088,380001.0,388000.0
1508715597.553373,380001.0,388000.0
1508715604.816977,380001.0,388000.0
1508715612.161507,380001.0,388000.0
1508715620.04575,380001.0,388000.0
1508715627.268351,380001.0,388000.0
1508715634.689929,380001.0,388000.0
1508715641.903609,380001.0,388000.0
1508715648.71684,380001.0,388000.0
1508715655.884858,380001.0,388000.0
1508715662.073312,380001.0,388000.0
1508715668.70155,380001.0,388000.0
1508715678.284876,380001.0,388000.0
1508715685.169987,380001.0,388000.0
1508715692.544844,380001.0,388000.0
1508715699.985262,380001.0,388000.0
1508715707.295385,380001.0,388000.0
1508715714.121228,380001.0,388000.0
1508715721.426939,380001.0,388000.0
1508715728.282475,380001.0,388000.0
1508715735.655083,380001.0,388000.0
1508715742.931143,380001.0,388000.0
1508715750.839599,380001.0,388000.0
1508715758.188162,380001.0,388000.0
1508715764.972737,380001.0,388000.0
1508715771.637972,380001.0,388000.0
1508715778.873114,380001.0,388000.0
1508715785.728094,380001.0,388000.0
1508715793.060089,380001.0,388000.0
1508715801.236152,380001.0,388000.0
1508715808.458773,380001.0,388000.0
1508715814.694373,380001.0,388000.0
1508715821.97991,380001.0,388000.0
1508715829.91385,380001.0,388000.0
1508715838.252893,380001.0,388000.0
1508715845.73301,380001.0,388000.0
1508715853.004332,380001.0,388000.0
1508715859.861454,380001.0,388000.0
1508715867.243855,380001.0,388000.0
1508715874.514592,380001.0,388000.0
1508715881.786863,380001.0,388000.0
1508715888.644354,380001.0,388000.0
1508715895.914772,380001.0,388000.0
1508715903.289413,380001.0,388000.0
1508715910.659919,380001.0,388000.0
1508715918.206722,380001.0,388000.0
1508715925.38529,380001.0,388000.0
1508715932.675419,380001.0,388000.0
1508715939.534093,380001.0,388000.0
1508715946.317327,380001.0,388000.0
1508715952.512155,380001.0,388000.0
1508715958.70046,380001.0,388000.0
1508715965.956227,380001.0,388000.0
1508715972.772781,380001.0,388000.0
1508715979.984042,380001.0,388000.0
1508715987.239988,380001.0,388000.0
1508715994.112083,380001.0,388000.0
1508716001.301202,380001.0,388000.0
1508716008.085163,380001.0,388000.0
1508716014.87124,380001.0,388000.0
1508716021.048504,380001.0,388000.0
1508716028.547613,380001.0,388000.0
1508716035.793975,380001.0,388000.0
1508716042.751117,380001.0,388000.0
1508716050.639946,380001.0,388000.0
1508716057.824177,380001.0,388000.0
1508716064.022501,380001.0,388000.0
1508716070.206385,380001.0,388000.0
1508716076.427912,380001.0,388000.0
1508716083.306,380001.0,388000.0
1508716090.589356,380001.0,388000.0
1508716097.210098,380001.0,388000.0
1508716104.609343,380001.0,388000.0
1508716111.572702,380001.0,388000.0
1508716118.155468,380001.0,388000.0
1508716124.982568,380001.0,388000.0
1508716131.997834,380001.0,388000.0
1508716139.27834,380001.0,388000.0
1508716146.183809,380001.0,388000.0
1508716153.449852,380001.0,388000.0
1508716160.245144,380001.0,388000.0
1508716167.009913,380001.0,388000.0
1508716174.339692,380001.0,388000.0
1508716181.119336,380001.0,388000.0
1508716187.961219,380001.0,388000.0
1508716195.223142,380001.0,388000.0
1508716202.095374,380001.0,388000.0
1508716209.365902,380001.0,388000.0
1508716216.223184,380001.0,388000.0
1508716223.599596,380001.0,388000.0
1508716230.901635,380001.0,388000.0
1508716237.690488,380001.0,388000.0
1508716243.878657,380001.0,388000.0
1508716250.834228,380001.0,388000.0
1508716257.689876,380001.0,388000.0
1508716264.895622,380001.0,388000.0
1508716271.553156,380001.0,388000.0
1508716278.588356,380001.0,388000.0
1508716284.773856,380001.0,388000.0
1508716292.098639,380001.0,388000.0
1508716299.379869,380001.0,388000.0
1508716306.241805,380001.0,388000.0
1508716313.501214,380001.0,388000.0
1508716320.362403,380001.0,388000.0
1508716327.629267,380001.0,388000.0
1508716334.784944,380001.0,388000.0
1508716341.659274,380001.0,388000.0
1508716348.519483,380001.0,388000.0
1508716356.41404,380001.0,388000.0
1508716363.274458,380001.0,388000.0
1508716369.952498,380001.0,388000.0
1508716376.272624,380001.0,388000.0
1508716383.515931,380001.0,388000.0
1508716390.362771,380001.0,388000.0
1508716397.783704,380001.0,388000.0
1508716404.640662,380001.0,388000.0
1508716411.242844,380001.0,388000.0
1508716417.43141,380001.0,388000.0
1508716424.018922,380001.0,388000.0
1508716430.861269,380001.0,388000.0
1508716438.741985,380001.0,388000.0
1508716445.60551,380001.0,388000.0
1508716452.468278,380001.0,388000.0
1508716459.735001,380001.0,388000.0
1508716466.323482,380001.0,388000.0
1508716473.105539,380001.0,388000.0
1508716480.418121,380001.0,388000.0
1508716487.241759,380001.0,388000.0
1508716493.938174,380001.0,388000.0
1508716500.796552,380001.0,388000.0
1508716506.988793,380001.0,388000.0
1508716515.53766,380001.0,388000.0
1508716522.364294,380001.0,388000.0
1508716529.581048,380001.0,388000.0
1508716535.770196,380001.0,388000.0
1508716542.98505,380001.0,388000.0
1508716549.84656,380001.0,388000.0
1508716557.071474,380001.0,388000.0
1508716563.946341,380001.0,388000.0
1508716570.590471,380001.0,388000.0
1508716578.009285,380001.0,388000.0
1508716584.83518,380001.0,388000.0
1508716592.007541,380001.0,388000.0
1508716599.405607,380001.0,388000.0
1508716606.728149,380001.0,388000.0
1508716614.047284,380001.0,388000.0
1508716621.014119,380001.0,388000.0
1508716628.286488,380001.0,388000.0
1508716635.094419,380001.0,388000.0
1508716642.314463,380001.0,388000.0
1508716649.687077,380001.0,388000.0
1508716657.05961,380001.0,388000.0
1508716663.624059,380001.0,388000.0
1508716670.852112,380001.0,388000.0
1508716677.704927,380001.0,388000.0
1508716684.321993,380001.0,388000.0
1508716691.259403,380001.0,388000.0
1508716698.525951,380001.0,388000.0
1508716705.348354,380001.0,388000.0
1508716712.253805,380001.0,388000.0
1508716719.626427,380001.0,388000.0
1508716725.848099,380001.0,388000.0
1508716732.837056,380001.0,388000.0
1508716740.22487,380001.0,388000.0
1508716746.473072,380001.0,388000.0
1508716753.727683,380001.0,388000.0
1508716760.991367,380001.0,388000.0
1508716768.265312,380001.0,388000.0
1508716775.455468,380001.0,388000.0
1508716782.805364,380001.0,388000.0
1508716788.981903,380001.0,388000.0
1508716795.770748,380001.0,388000.0
1508716803.287276,380001.0,388000.0
1508716810.430353,380001.0,388000.0
1508716817.855496,380001.0,388000.0
1508716824.677139,380001.0,388000.0
1508716831.247605,380001.0,388000.0
1508716838.518718,380001.0,388000.0
1508716845.577287,380001.0,388000.0
1508716852.515124,380001.0,388000.0
1508716859.813168,380001.0,388000.0
1508716866.610619,380001.0,388000.0
1508716873.631438,380001.0,388000.0
1508716880.391982,380001.0,388000.0
1508716887.72781,380001.0,388000.0
1508716894.199575,380001.0,388000.0
1508716900.804788,380001.0,388000.0
1508716908.177513,380001.0,388000.0
1508716915.459651,380001.0,388000.0
1508716922.666307,380001.0,388000.0
1508716929.26456,380001.0,388000.0
1508716936.206738,380001.0,388000.0
1508716944.289488,380001.0,388000.0
1508716951.562034,380001.0,388000.0
1508716958.300825,380001.0,388000.0
1508716964.50109,380001.0,388000.0
1508716971.828373,380001.0,388000.0
1508716978.700557,380001.0,388000.0
1508716985.872406,380001.0,388000.0
1508716992.47772,380001.0,388000.0
1508716999.042651,380001.0,388000.0
1508717005.205205,380001.0,388000.0
1508717012.494159,380001.0,388000.0
1508717019.355964,380001.0,388000.0
1508717026.179862,380001.0,388000.0
1508717033.505289,380001.0,388000.0
1508717041.577077,380001.0,388000.0
1508717047.822597,380001.0,388000.0
1508717055.08838,380001.0,388000.0
1508717062.317439,380001.0,388000.0
1508717069.835923,380001.0,388000.0
1508717077.162688,380001.0,388000.0
1508717084.016405,380001.0,388000.0
1508717091.344161,380001.0,388000.0
1508717098.196289,380001.0,388000.0
1508717104.778888,380001.0,388000.0
1508717111.573442,380001.0,388000.0
1508717119.304516,380001.0,388000.0
1508717126.568807,380001.0,388000.0
1508717133.428401,380001.0,388000.0
1508717140.630138,380001.0,388000.0
1508717147.86932,380001.0,388000.0
1508717155.163825,380001.0,388000.0
1508717161.996831,380001.0,388000.0
1508717168.625394,380001.0,388000.0
1508717174.807586,380001.0,388000.0
1508717181.596223,380001.0,388000.0
1508717188.418231,380001.0,388000.0
1508717194.690181,380001.0,388000.0
1508717201.255595,380001.0,388000.0
1508717207.834044,380001.0,388000.0
1508717214.672861,380001.0,388000.0
1508717221.594889,380001.0,388000.0
1508717228.867416,380001.0,388000.0
1508717235.723038,380001.0,388000.0
1508717242.690526,380001.0,388000.0
1508717250.017711,380001.0,388000.0
1508717257.350166,380001.0,388000.0
1508717264.813016,380001.0,388000.0
1508717271.001138,380001.0,388000.0
1508717277.811732,380001.0,388000.0
1508717284.845679,380001.0,388000.0
1508717292.460647,380001.0,388000.0
1508717299.74101,380001.0,388000.0
1508717306.433242,380001.0,388000.0
1508717313.24673,380001.0,388000.0
1508717319.94518,380001.0,388000.0
1508717326.79361,380001.0,388000.0
1508717334.135056,380001.0,388000.0
1508717342.629714,380001.0,388000.0
1508717351.547734,380001.0,388000.0
1508717357.718688,380001.0,388000.0
1508717364.298371,380001.0,388000.0
1508717371.61501,380001.0,388000.0
1508717378.987821,380001.0,388000.0
1508717386.326893,380001.0,388000.0
1508717393.628247,380001.0,388000.0
1508717400.308666,380001.0,388000.0
1508717407.520441,380001.0,388000.0
1508717414.349443,380001.0,388000.0
1508717421.788628,380001.0,388000.0
1508717429.03318,380001.0,388000.0
1508717436.436109,380001.0,388000.0
1508717443.004022,380001.0,388000.0
1508717449.811579,380001.0,388000.0
1508717457.116921,380001.0,388000.0
1508717463.739005,380001.0,388000.0
1508717470.944711,380001.0,388000.0
1508717477.700096,380001.0,388000.0
1508717484.507945,380001.0,388000.0
1508717490.69383,380001.0,388000.0
1508717496.865479,380001.0,388000.0
1508717503.604288,380001.0,388000.0
1508717510.876705,380001.0,388000.0
1508717517.064909,380001.0,388000.0
1508717523.883936,380001.0,388000.0
1508717531.152135,380001.0,388000.0
1508717538.265384,380001.0,388000.0
1508717545.493356,380001.0,388000.0
1508717552.760209,380001.0,388000.0
1508717560.640239,380001.0,388000.0
1508717567.184913,380001.0,388000.0
1508717574.472633,380001.0,388000.0
1508717581.560026,380001.0,388000.0
1508717588.765998,380001.0,388000.0
1508717595.344158,380001.0,388000.0
1508717602.216459,380001.0,388000.0
1508717609.021922,380001.0,388000.0
1508717615.585112,380001.0,388000.0
1508717622.48991,380001.0,388000.0
1508717629.354915,380001.0,388000.0
1508717636.177733,380001.0,388000.0
1508717644.71721,380001.0,388000.0
1508717651.677398,380001.0,388000.0
1508717658.466418,380001.0,388000.0
1508717665.659507,380001.0,388000.0
1508717672.469914,380001.0,388000.0
1508717679.30661,380001.0,388000.0
1508717686.904713,380001.0,388000.0
1508717693.769033,380001.0,388000.0
1508717701.03075,380001.0,388000.0
1508717708.511778,380001.0,388000.0
1508717715.783234,380001.0,388000.0
1508717722.996501,380001.0,388000.0
1508717729.176959,380001.0,388000.0
1508717736.006964,380001.0,388000.0
1508717743.244851,380001.0,388000.0
1508717750.034828,380001.0,388000.0
1508717757.35517,380001.0,388000.0
1508717764.320245,380001.0,388000.0
1508717770.524471,380001.0,388000.0
1508717777.524413,380001.0,388000.0
1508717784.756672,380001.0,388000.0
1508717791.559897,380001.0,388000.0
1508717798.857349,380001.0,388000.0
1508717806.053542,380001.0,388000.0
1508717812.246531,380001.0,388000.0
1508717819.473665,380001.0,388000.0
1508717825.67823,380001.0,388000.0
1508717832.459967,380001.0,388000.0
1508717839.273372,380001.0,388000.0
1508717846.482605,380001.0,388000.0
1508717853.04404,380001.0,388000.0
1508717860.753476,380001.0,388000.0
1508717866.945081,380001.0,388000.0
1508717874.205818,380001.0,388000.0
1508717881.439899,380001.0,388000.0
1508717888.330895,380001.0,388000.0
1508717895.716624,380001.0,388000.0
1508717901.898086,380001.0,388000.0
1508717909.323655,380001.0,388000.0
1508717916.584893,380001.0,388000.0
1508717922.794272,380001.0,388000.0
1508717929.678599,380001.0,388000.0
1508717937.067901,380001.0,388000.0
1508717944.885354,380001.0,388000.0
1508717952.22963,380001.0,388000.0
1508717958.802032,380001.0,388000.0
1508717966.069402,380001.0,388000.0
1508717972.886257,380001.0,388000.0
1508717979.728352,380001.0,388000.0
1508717986.650585,380001.0,388000.0
1508717993.963522,380001.0,388000.0
1508718000.756686,380001.0,388000.0
1508718008.029799,380001.0,388000.0
1508718015.408152,380001.0,388000.0
1508718022.18125,380001.0,388000.0
1508718029.113324,380001.0,388000.0
1508718036.315168,380001.0,388000.0
1508718042.947708,380001.0,388000.0
1508718049.840455,380001.0,388000.0
1508718057.18974,380001.0,388000.0
1508718064.051525,380001.0,388000.0
1508718070.847843,380001.0,388000.0
1508718078.714435,380001.0,388000.0
1508718085.72907,380001.0,388000.0
1508718092.616763,380001.0,388000.0
1508718099.481267,380001.0,388000.0
1508718106.745402,380001.0,388000.0
1508718113.709341,380001.0,388000.0
1508718120.57741,380001.0,388000.0
1508718127.43689,380001.0,388000.0
1508718134.117076,380001.0,388000.0
1508718141.390286,380001.0,388000.0
1508718147.585969,380001.0,388000.0
1508718154.371233,380001.0,388000.0
1508718161.485298,380001.0,388000.0
1508718168.500709,380001.0,388000.0
1508718175.35867,380001.0,388000.0
1508718182.834347,380001.0,388000.0
1508718190.003813,380001.0,388000.0
1508718197.274295,380001.0,388000.0
1508718203.813513,380001.0,388000.0
1508718210.685626,380001.0,388000.0
1508718217.909292,380001.0,388000.0
1508718224.729548,380001.0,388000.0
1508718232.08744,380001.0,388000.0
1508718240.054669,380001.0,388000.0
1508718248.574049,380001.0,388000.0
1508718255.156003,380001.0,388000.0
1508718261.984098,380001.0,388000.0
1508718268.845721,380001.0,388000.0
1508718276.13938,380001.0,388000.0
1508718283.477554,380001.0,388000.0
1508718290.350876,380001.0,388000.0
1508718296.939358,380001.0,388000.0
1508718304.178433,380001.0,388000.0
1508718311.244497,380001.0,388000.0
1508718318.637965,380001.0,388000.0
1508718324.927095,380001.0,388000.0
1508718332.234279,380001.0,388000.0
1508718338.506049,380001.0,388000.0
1508718345.209507,380001.0,388000.0
1508718352.527137,380001.0,388000.0
1508718359.764805,380001.0,388000.0
1508718366.645014,380001.0,388000.0
1508718374.017809,380001.0,388000.0
1508718380.97755,380001.0,388000.0
1508718387.623922,380001.0,388000.0
1508718393.880561,380001.0,388000.0
1508718400.087666,380001.0,388000.0
1508718407.275039,380001.0,388000.0
1508718414.667089,380001.0,388000.0
1508718421.937883,380001.0,388000.0
1508718429.268799,380001.0,388000.0
1508718436.617407,380001.0,388000.0
1508718443.540082,380001.0,388000.0
1508718450.921044,380001.0,388000.0
1508718457.71804,380001.0,388000.0
1508718465.668109,380001.0,388000.0
1508718473.040942,380001.0,388000.0
1508718479.911208,380001.0,388000.0
1508718486.658021,380001.0,388000.0
1508718492.846307,380001.0,388000.0
1508718499.574384,380001.0,388000.0
1508718506.933236,380001.0,388000.0
1508718514.163446,380001.0,388000.0
1508718520.958162,380001.0,388000.0
1508718528.438264,380001.0,388000.0
1508718534.634461,380001.0,388000.0
1508718541.550178,380001.0,388000.0
1508718549.560351,380001.0,388000.0
1508718558.259989,380001.0,388000.0
1508718565.192901,380001.0,388000.0
1508718572.46929,380001.0,388000.0
1508718579.048646,380001.0,388000.0
1508718586.23779,380001.0,388000.0
1508718592.876378,380001.0,388000.0
1508718599.677762,380001.0,388000.0
1508718607.071066,380001.0,388000.0
1508718613.792991,380001.0,388000.0
1508718621.615562,380001.0,388000.0
1508718628.306434,380001.0,388000.0
1508718635.643978,380001.0,388000.0
1508718642.920061,380001.0,388000.0
1508718649.775736,380001.0,388000.0
1508718656.560526,380001.0,388000.0
1508718663.499616,380001.0,388000.0
1508718670.872181,380001.0,388000.0
1508718677.634769,380001.0,388000.0
1508718684.493614,380001.0,388000.0
1508718691.864442,380001.0,388000.0
1508718698.556688,380001.0,388000.0
1508718704.73421,380001.0,388000.0
1508718711.626526,380001.0,388000.0
1508718718.443605,380001.0,388000.0
1508718725.032276,380001.0,388000.0
1508718731.637481,380001.0,388000.0
1508718738.909533,380001.0,388000.0
1508718747.366772,380001.0,388000.0
1508718753.926408,380001.0,388000.0
1508718760.989678,380001.0,388000.0
1508718768.26273,380007.0,388000.0
1508718776.039735,380007.0,388000.0
1508718782.657037,380007.0,388000.0
1508718789.967496,380007.0,388000.0
1508718796.160738,380007.0,388000.0
1508718803.309592,380007.0,388000.0
1508718809.900233,380007.0,388000.0
1508718816.738887,380007.0,388000.0
1508718822.910457,380007.0,388000.0
1508718829.557065,380007.0,388000.0
1508718836.838538,380007.0,388000.0
1508718843.032511,380007.0,388000.0
1508718850.259353,380007.0,388000.0
1508718857.454953,380007.0,388000.0
1508718864.619289,380007.0,388000.0
1508718871.396857,380007.0,388000.0
1508718878.648441,380007.0,388000.0
1508718885.644213,380007.0,388000.0
1508718892.232678,380007.0,388000.0
1508718899.538644,380007.0,388000.0
1508718906.358937,380007.0,388000.0
1508718912.980986,380007.0,388000.0
1508718919.726043,380007.0,388000.0
1508718927.079008,380007.0,388000.0
1508718933.915945,380007.0,388000.0
1508718941.21797,380007.0,388000.0
1508718948.180847,380007.0,388000.0
1508718955.538713,380007.0,388000.0
1508718962.338732,380007.0,388000.0
1508718969.171564,380007.0,388000.0
1508718976.483046,380007.0,388000.0
1508718983.50573,380007.0,388000.0
1508718990.277329,380007.0,388000.0
1508718997.045944,380007.0,388000.0
1508719003.275663,380007.0,388000.0
1508719010.013092,380007.0,388000.0
1508719017.303588,380007.0,388000.0
1508719024.772644,380007.0,388000.0
1508719030.98281,380007.0,388000.0
1508719037.182025,380007.0,388000.0
1508719044.027936,380007.0,388000.0
1508719050.793019,380007.0,388000.0
1508719058.04878,380007.0,388000.0
1508719065.287963,380007.0,388000.0
1508719071.526291,380007.0,388000.0
1508719078.431705,380007.0,388000.0
1508719085.137262,380007.0,388000.0
1508719091.336953,380007.0,388000.0
1508719098.601469,380007.0,388000.0
1508719105.878648,380007.0,388000.0
1508719112.12547,380007.0,388000.0
1508719119.386738,380007.0,388000.0
1508719126.637091,380007.0,388000.0
1508719133.629316,380007.0,388000.0
1508719141.311954,380007.0,388000.0
1508719148.185326,380007.0,388000.0
1508719155.950927,380007.0,388000.0
1508719163.216257,380007.0,388000.0
1508719169.903955,380007.0,388000.0
1508719176.482204,380007.0,388000.0
1508719183.388059,380007.0,388000.0
1508719190.253947,380007.0,388000.0
1508719197.226961,380007.0,388000.0
1508719204.078868,380007.0,388000.0
1508719210.671022,380007.0,388000.0
1508719217.591962,380007.0,388000.0
1508719225.411393,380007.0,388000.0
1508719232.673549,380007.0,388000.0
1508719239.560696,380007.0,388000.0
1508719246.474075,380007.0,388000.0
1508719253.710883,380007.0,388000.0
1508719259.893646,380007.0,388000.0
1508719266.665086,380007.0,388000.0
1508719273.326441,380007.0,388000.0
1508719280.15998,380007.0,388000.0
1508719287.020338,380007.0,388000.0
1508719294.39367,380007.0,388000.0
1508719300.609348,380007.0,388000.0
1508719306.844495,380007.0,388000.0
1508719313.478203,380007.0,388000.0
1508719320.075265,380007.0,388000.0
1508719327.364505,380007.0,388000.0
1508719334.227641,380007.0,388000.0
1508719341.087066,380007.0,388000.0
1508719347.952982,380007.0,388000.0
1508719355.109716,380007.0,388000.0
1508719362.39251,380007.0,388000.0
1508719369.247944,380007.0,388000.0
1508719376.370345,380007.0,388000.0
1508719382.998478,380007.0,388000.0
1508719390.244171,380007.0,388000.0
1508719397.203742,380007.0,388000.0
1508719404.526122,380007.0,388000.0
1508719411.441132,380007.0,388000.0
1508719418.402576,380007.0,388000.0
1508719425.364931,380007.0,388000.0
1508719432.265053,380007.0,388000.0
1508719438.849359,380007.0,388000.0
1508719446.659926,380007.0,388000.0
1508719454.411365,380007.0,388000.0
1508719461.103898,380007.0,388000.0
1508719468.37732,380007.0,388000.0
1508719474.965928,380007.0,388000.0
1508719481.871534,380007.0,388000.0
1508719489.260741,380007.0,388000.0
1508719496.127949,380007.0,388000.0
1508719503.326594,380007.0,388000.0
1508719509.925579,380007.0,388000.0
1508719516.813303,380007.0,388000.0
1508719524.181705,380007.0,388000.0
1508719531.396429,380007.0,388000.0
1508719538.722342,380007.0,388000.0
1508719545.956184,380007.0,388000.0
1508719552.858643,380007.0,388000.0
1508719560.333286,380007.0,388000.0
1508719567.290991,380007.0,388000.0
1508719574.562262,380007.0,388000.0
1508719581.31776,380007.0,388000.0
1508719588.185187,380007.0,388000.0
1508719594.778537,380007.0,388000.0
1508719602.208328,380007.0,388000.0
1508719609.037964,380007.0,388000.0
1508719616.344302,380007.0,388000.0
1508719622.546036,380007.0,388000.0
1508719629.356163,380007.0,388000.0
1508719635.957663,380007.0,388000.0
1508719642.756893,380007.0,388000.0
1508719650.031739,380007.0,388000.0
1508719657.445381,380007.0,388000.0
1508719664.631642,380007.0,388000.0
1508719670.838071,380007.0,388000.0
1508719678.311904,380007.0,388000.0
1508719684.98258,380007.0,388000.0
1508719691.572686,380007.0,388000.0
1508719698.3634,380007.0,388000.0
1508719705.295074,380007.0,388000.0
1508719712.462593,380007.0,388000.0
1508719719.065255,380007.0,388000.0
1508719725.876457,380007.0,388000.0
1508719732.705614,380007.0,388000.0
1508719739.977192,380007.0,388000.0
1508719746.248309,380007.0,388000.0
1508719754.23948,380007.0,388000.0
1508719761.028181,380007.0,388000.0
1508719768.305733,380007.0,388000.0
1508719774.488667,380007.0,388000.0
1508719781.060976,380007.0,388000.0
1508719787.675244,380007.0,388000.0
1508719794.859433,380007.0,388000.0
1508719801.673312,380007.0,388000.0
1508719808.54961,380007.0,388000.0
1508719815.822156,380007.0,388000.0
1508719823.294767,380007.0,388000.0
1508719831.084367,380007.0,388000.0
1508719838.556839,380007.0,388000.0
1508719845.807635,380007.0,388000.0
1508719853.035236,380007.0,388000.0
1508719860.338256,380007.0,388000.0
1508719867.513474,380007.0,388000.0
1508719874.703039,380007.0,388000.0
1508719881.565572,380007.0,388000.0
1508719888.423726,380007.0,388000.0
1508719895.647893,380007.0,388000.0
1508719902.272864,380007.0,388000.0
1508719908.479655,380007.0,388000.0
1508719915.251097,380007.0,388000.0
1508719922.472712,380007.0,388000.0
1508719929.711526,380007.0,388000.0
1508719936.552238,380007.0,388000.0
1508719943.407534,380007.0,388000.0
1508719950.646803,380007.0,388000.0
1508719958.452841,380007.0,388000.0
1508719965.714218,380007.0,388000.0
1508719972.963875,380007.0,388000.0
1508719980.325663,380007.0,388000.0
1508719986.558842,380007.0,388000.0
1508719993.907457,380007.0,388000.0
1508720000.205358,380007.0,388000.0
1508720006.453094,380007.0,388000.0
1508720013.281409,380007.0,388000.0
1508720020.536112,380007.0,388000.0
1508720027.895148,380007.0,388000.0
1508720035.093256,380007.0,388000.0
1508720041.752891,380007.0,388000.0
1508720049.092074,380007.0,388000.0
1508720056.688768,380007.0,388000.0
1508720063.527375,380007.0,388000.0
1508720071.00192,380007.0,388000.0
1508720077.898526,380007.0,388000.0
1508720085.054355,380007.0,388000.0
1508720092.301535,380007.0,388000.0
1508720099.165529,380007.0,388000.0
1508720106.498955,380007.0,388000.0
1508720113.400844,380007.0,388000.0
1508720121.383372,380007.0,388000.0
1508720127.970017,380007.0,388000.0
1508720135.411422,380007.0,388000.0
1508720142.402862,380007.0,388000.0
1508720149.622543,380007.0,388000.0
1508720156.537577,380007.0,388000.0
1508720163.238249,380007.0,388000.0
1508720169.455266,380007.0,388000.0
1508720176.02708,380007.0,388000.0
1508720182.82471,380007.0,388000.0
1508720189.788218,380007.0,388000.0
1508720196.601261,380007.0,388000.0
1508720203.512878,380007.0,388000.0
1508720209.720695,380007.0,388000.0
1508720216.721113,380007.0,388000.0
1508720223.995051,380007.0,388000.0
1508720231.361743,380007.0,388000.0
1508720238.543912,380007.0,388000.0
1508720245.183292,380007.0,388000.0
1508720251.867092,380007.0,388000.0
1508720259.238975,380007.0,388000.0
1508720266.076447,380007.0,388000.0
1508720272.921381,380007.0,388000.0
1508720280.211121,380007.0,388000.0
1508720286.395832,380007.0,388000.0
1508720293.209148,380007.0,388000.0
1508720299.838646,380007.0,388000.0
1508720306.566142,380007.0,388000.0
1508720313.828818,380007.0,388000.0
1508720320.025704,380007.0,388000.0
1508720326.214027,380007.0,388000.0
1508720332.786722,380007.0,388000.0
1508720339.357855,380007.0,388000.0
1508720346.253631,380007.0,388000.0
1508720353.934731,380007.0,388000.0
1508720361.82598,380007.0,388000.0
1508720368.054808,380007.0,388000.0
1508720375.353457,380007.0,388000.0
1508720382.649282,380007.0,388000.0
1508720389.453318,380007.0,388000.0
1508720396.742241,380007.0,388000.0
1508720403.602672,380007.0,388000.0
1508720410.975403,380007.0,388000.0
1508720417.781653,380007.0,388000.0
1508720425.226529,380007.0,388000.0
1508720431.889829,380007.0,388000.0
1508720438.83166,380007.0,388000.0
1508720446.100422,380007.0,388000.0
1508720452.906745,380007.0,388000.0
1508720460.229579,380007.0,388000.0
1508720467.070507,380007.0,388000.0
1508720473.949063,380007.0,388000.0
1508720481.432105,380007.0,388000.0
1508720488.303465,380007.0,388000.0
1508720495.549738,380007.0,388000.0
1508720502.419751,380007.0,388000.0
1508720509.649666,380007.0,388000.0
1508720515.849369,380007.0,388000.0
1508720522.109839,380007.0,388000.0
1508720529.351917,380007.0,388000.0
1508720536.210478,380007.0,388000.0
1508720542.420624,380007.0,388000.0
1508720550.85447,380007.0,388000.0
1508720557.027342,380007.0,388000.0
1508720564.37137,380007.0,388000.0
1508720571.230478,380007.0,388000.0
1508720578.19781,380007.0,388000.0
1508720584.387479,380007.0,388000.0
1508720591.810238,380007.0,388000.0
1508720598.598871,380007.0,388000.0
1508720605.945732,380007.0,388000.0
1508720612.126438,380007.0,388000.0
1508720619.247107,380007.0,388000.0
1508720626.469173,380007.0,388000.0
1508720633.126449,380007.0,388000.0
1508720639.314717,380007.0,388000.0
1508720646.43047,380007.0,388000.0
1508720653.66498,380007.0,388000.0
1508720665.533577,380007.0,388000.0
1508720672.407989,380007.0,388000.0
1508720678.996441,380007.0,388000.0
1508720685.918814,380007.0,388000.0
1508720692.630476,380007.0,388000.0
1508720698.825533,380007.0,388000.0
1508720706.087964,380007.0,388000.0
1508720712.276224,380007.0,388000.0
1508720719.061475,380007.0,388000.0
1508720726.45123,380007.0,388000.0
1508720733.66582,380007.0,388000.0
1508720740.466193,380007.0,388000.0
1508720747.76821,380007.0,388000.0
1508720754.628764,380007.0,388000.0
1508720761.220754,380007.0,388000.0
1508720768.55365,380007.0,388000.0
1508720775.422817,380007.0,388000.0
1508720782.279314,380007.0,388000.0
1508720788.85038,380007.0,388000.0
1508720795.423099,380007.0,388000.0
1508720802.245272,380007.0,388000.0
1508720809.726351,380007.0,388000.0
1508720816.706852,380007.0,388000.0
1508720823.644544,380007.0,388000.0
1508720830.334326,380007.0,388000.0
1508720836.916483,380007.0,388000.0
1508720843.827062,380007.0,388000.0
1508720852.168599,380007.0,388000.0
1508720859.491026,380007.0,388000.0
1508720866.165513,380007.0,388000.0
1508720873.418263,380007.0,388000.0
1508720880.63195,380007.0,388000.0
1508720886.86958,380007.0,388000.0
1508720893.743641,380007.0,388000.0
1508720900.38877,380007.0,388000.0
1508720907.020964,380007.0,388000.0
1508720914.37594,380007.0,388000.0
1508720921.238695,380007.0,388000.0
1508720928.095987,380007.0,388000.0
1508720935.118139,380007.0,388000.0
1508720942.438309,380007.0,388000.0
1508720949.763244,380007.0,388000.0
1508720956.935135,380007.0,388000.0
1508720965.166536,380007.0,388000.0
1508720972.54372,380007.0,388000.0
1508720979.220326,380007.0,388000.0
1508720986.059144,380007.0,388000.0
1508720992.914591,380007.0,388000.0
1508720999.882917,380007.0,388000.0
1508721007.175957,380007.0,388000.0
1508721014.546592,380007.0,388000.0
1508721021.360948,380007.0,388000.0
1508721029.242216,380007.0,388000.0
1508721036.545751,380007.0,388000.0
1508721043.41199,380007.0,388000.0
1508721051.059693,380007.0,388000.0
1508721058.263316,380007.0,388000.0
1508721065.115763,380007.0,388000.0
1508721072.077988,380007.0,388000.0
1508721079.367107,380007.0,388000.0
1508721085.588751,380007.0,388000.0
1508721092.306963,380007.0,388000.0
1508721099.21149,380007.0,388000.0
1508721106.071817,380007.0,388000.0
1508721113.344372,380007.0,388000.0
1508721120.175875,380007.0,388000.0
1508721126.800569,380007.0,388000.0
1508721133.723068,380007.0,388000.0
1508721140.985825,380007.0,388000.0
1508721148.254924,380007.0,388000.0
1508721155.736324,380007.0,388000.0
1508721161.949806,380007.0,388000.0
1508721169.433714,380007.0,388000.0
1508721176.28257,380007.0,388000.0
1508721182.90216,380007.0,388000.0
1508721190.247517,380007.0,388000.0
1508721196.951316,380007.0,388000.0
1508721204.270604,380007.0,388000.0
1508721210.872418,380007.0,388000.0
1508721217.631764,380007.0,388000.0
1508721224.955708,380007.0,388000.0
1508721231.179314,380007.0,388000.0
1508721237.749844,380007.0,388000.0
1508721244.622829,380007.0,388000.0
1508721250.869881,380007.0,388000.0
1508721257.481859,380007.0,388000.0
1508721265.407422,380007.0,388000.0
1508721272.58854,380007.0,388000.0
1508721279.53481,380007.0,388000.0
1508721285.732253,380007.0,388000.0
1508721293.155046,380007.0,388000.0
1508721300.52754,380007.0,388000.0
1508721306.749133,380007.0,388000.0
1508721313.638067,380007.0,388000.0
1508721320.499214,380007.0,388000.0
1508721327.699308,380007.0,388000.0
1508721334.988426,380007.0,388000.0
1508721341.904713,380007.0,388000.0
1508721349.170196,380007.0,388000.0
1508721356.548031,380007.0,388000.0
1508721363.511287,380007.0,388000.0
1508721370.782089,380007.0,388000.0
1508721377.637846,380007.0,388000.0
1508721384.327925,380007.0,388000.0
1508721391.260115,380007.0,388000.0
1508721398.038845,380007.0,388000.0
1508721404.827675,380007.0,388000.0
1508721411.016368,380007.0,388000.0
1508721418.598939,380007.0,388000.0
1508721425.460884,380007.0,388000.0
1508721432.132922,380007.0,388000.0
1508721439.388669,380007.0,388000.0
1508721446.163132,380007.0,388000.0
1508721453.462574,380007.0,388000.0
1508721461.195789,380007.0,388000.0
1508721468.261808,380007.0,388000.0
1508721475.432782,380007.0,388000.0
1508721482.803721,380007.0,388000.0
1508721489.662293,380007.0,388000.0
1508721496.52867,380007.0,388000.0
1508721502.717804,380007.0,388000.0
1508721509.961887,380007.0,388000.0
1508721517.00089,380007.0,388000.0
1508721523.856306,380007.0,388000.0
1508721531.1408,380007.0,388000.0
1508721537.327435,380007.0,388000.0
1508721544.209152,380007.0,388000.0
1508721551.511721,380007.0,388000.0
1508721558.789737,380007.0,388000.0
1508721567.079273,380007.0,388000.0
1508721574.318147,380007.0,388000.0
1508721581.141769,380007.0,388000.0
1508721588.357947,380007.0,388000.0
1508721595.750365,380007.0,388000.0
1508721602.719376,380007.0,388000.0
1508721610.041906,380007.0,388000.0
1508721616.280154,380007.0,388000.0
1508721623.016871,380007.0,388000.0
1508721630.174762,380007.0,388000.0
1508721637.630708,380007.0,388000.0
1508721644.879078,380007.0,388000.0
1508721652.174293,380007.0,388000.0
1508721659.064496,380007.0,388000.0
1508721665.906175,380007.0,388000.0
1508721673.129136,380007.0,388000.0
1508721679.743369,380007.0,388000.0
1508721686.686542,380007.0,388000.0
1508721693.642302,380007.0,388000.0
1508721700.5126,380007.0,388000.0
1508721707.321437,380007.0,388000.0
1508721713.958368,380007.0,388000.0
1508721721.25562,380007.0,388000.0
1508721728.873772,380007.0,388000.0
1508721735.736181,380007.0,388000.0
1508721742.598037,380007.0,388000.0
1508721749.835557,380007.0,388000.0
1508721756.724064,380007.0,388000.0
1508721764.198722,380007.0,388000.0
1508721771.587917,380007.0,388000.0
1508721778.808821,380007.0,388000.0
1508721785.031899,380007.0,388000.0
1508721791.854221,380007.0,388000.0
1508721798.409335,380007.0,388000.0
1508721805.665111,380007.0,388000.0
1508721812.537505,380007.0,388000.0
1508721819.993396,380007.0,388000.0
1508721827.219695,380007.0,388000.0
1508721833.404074,380007.0,388000.0
1508721840.158371,380007.0,388000.0
1508721847.148916,380007.0,388000.0
1508721854.481007,380007.0,388000.0
1508721861.177845,380007.0,388000.0
1508721869.455564,380007.0,388000.0
1508721875.636967,380007.0,388000.0
1508721882.576854,380007.0,388000.0
1508721889.385544,380007.0,388000.0
1508721896.670423,380007.0,388000.0
1508721903.981011,380007.0,388000.0
1508721910.820272,380007.0,388000.0
1508721917.98851,380007.0,388000.0
1508721925.938395,380007.0,388000.0
1508721933.217287,380007.0,388000.0
1508721940.40807,380007.0,388000.0
1508721947.605548,380007.0,388000.0
1508721954.813267,380007.0,388000.0
1508721962.023866,380007.0,388000.0
1508721968.212066,380007.0,388000.0
1508721975.046935,380007.0,388000.0
1508721982.445925,380007.0,388000.0
1508721989.679205,380007.0,388000.0
1508721996.290081,380007.0,388000.0
1508722002.489586,380007.0,388000.0
1508722009.346073,380007.0,388000.0
1508722016.183726,380007.0,388000.0
1508722023.477393,380007.0,388000.0
1508722029.653093,380007.0,388000.0
1508722036.449676,380007.0,388000.0
1508722043.34734,380007.0,388000.0
1508722050.615591,380007.0,388000.0
1508722057.487385,380007.0,388000.0
1508722065.248445,380007.0,388000.0
1508722072.260802,380007.0,388000.0
1508722079.494881,380007.0,388000.0
1508722086.356616,380007.0,388000.0
1508722093.222859,381000.0,388000.0
1508722100.593491,381000.0,388000.0
1508722107.190132,381000.0,388000.0
1508722114.045507,381000.0,388000.0
1508722121.272066,381000.0,388000.0
1508722127.858449,381000.0,388000.0
1508722134.616235,381000.0,388000.0
1508722141.831069,381000.0,388000.0
1508722149.430282,381000.0,388000.0
1508722156.662855,381000.0,388000.0
1508722163.668455,381000.0,388000.0
1508722171.22289,381000.0,388000.0
1508722178.513773,381000.0,388000.0
1508722184.708004,381000.0,388000.0
1508722191.527213,381000.0,388000.0
1508722198.894596,381000.0,388000.0
1508722205.758579,381000.0,388000.0
1508722213.023501,381000.0,388000.0
1508722219.913253,381000.0,388000.0
1508722227.302785,381000.0,388000.0
1508722234.325066,381000.0,388000.0
1508722240.868858,381000.0,388000.0
1508722248.161279,381000.0,388000.0
1508722254.95665,381000.0,388000.0
1508722261.595271,381000.0,388000.0
1508722268.526509,381000.0,388000.0
1508722275.324589,381000.0,388000.0
1508722282.51373,381000.0,388000.0
1508722289.676526,381000.0,388000.0
1508722296.539411,381000.0,388000.0
1508722302.746527,381000.0,388000.0
1508722309.970835,381000.0,388000.0
1508722317.174798,381000.0,388000.0
1508722323.413044,381000.0,388000.0
1508722330.688094,381000.0,388000.0
1508722337.495871,381000.0,388000.0
1508722344.30122,381000.0,388000.0
1508722352.296862,381000.0,388000.0
1508722359.154285,381000.0,388000.0
1508722365.358151,381000.0,388000.0
1508722371.577081,381000.0,388000.0
1508722378.744956,381000.0,388000.0
1508722385.357419,381000.0,388000.0
1508722391.869976,381000.0,388000.0
1508722398.657479,381000.0,388000.0
1508722405.952128,381000.0,388000.0
1508722412.157612,381000.0,388000.0
1508722419.470084,381000.0,388000.0
1508722426.028574,381000.0,388000.0
1508722432.884066,381000.0,388000.0
1508722439.714785,381000.0,388000.0
1508722446.602209,381000.0,388000.0
1508722452.79998,381000.0,388000.0
1508722460.039086,381000.0,388000.0
1508722466.70717,381500.0,388000.0
1508722473.966877,381500.0,388000.0
1508722480.822316,381500.0,388000.0
1508722488.077648,381500.0,388000.0
1508722495.360447,381500.0,388000.0
1508722502.156209,381500.0,388000.0
1508722509.478699,381500.0,388000.0
1508722516.334444,381500.0,388000.0
1508722523.028729,381500.0,388000.0
1508722529.768843,381500.0,388000.0
1508722536.032705,381500.0,388000.0
