1508874371.803401,369492.0,382101.0
1508874378.127921,369492.0,382101.0
1508874384.740969,369492.0,382101.0
1508874391.114085,369492.0,382101.0
1508874396.907741,369492.0,382101.0
1508874402.617531,369492.0,382101.0
1508874408.319487,369492.0,382101.0
1508874413.998871,369492.0,382101.0
1508874419.710983,369492.0,382101.0
1508874425.398045,369492.0,382101.0
1508874431.082687,369492.0,382101.0
1508874436.780846,369492.0,382101.0
1508874442.472546,369492.0,382101.0
1508874448.183065,369492.0,382101.0
1508874453.899719,369492.0,382101.0
1508874459.599143,369492.0,382101.0
1508874465.279701,369492.0,382101.0
1508874470.954184,369492.0,382101.0
1508874476.638561,369492.0,382101.0
1508874482.333699,369492.0,382101.0
1508874488.02449,369492.0,382101.0
1508874493.722341,369492.0,382101.0
1508874499.410308,369817.0,382438.0
1508874505.097837,369817.0,382438.0
1508874510.777212,369817.0,382438.0
1508874516.490445,369817.0,382438.0
1508874522.499436,369817.0,382438.0
1508874528.16671,369817.0,382438.0
1508874533.841641,369817.0,382438.0
1508874539.521086,369817.0,382438.0
1508874545.749145,369817.0,382438.0
1508874551.441216,369817.0,382438.0
1508874557.126458,369817.0,382438.0
1508874562.812213,369817.0,382438.0
1508874568.508921,369817.0,382438.0
1508874574.182819,369817.0,382438.0
1508874579.861926,369817.0,382438.0
1508874585.549845,369817.0,382438.0
1508874591.220925,369817.0,382438.0
1508874596.908837,369817.0,382438.0
1508874602.596694,369817.0,382438.0
1508874608.275573,369817.0,382438.0
1508874613.95581,369817.0,382438.0
1508874619.641196,369817.0,382438.0
1508874625.319379,369817.0,382438.0
1508874631.00417,369817.0,382438.0
1508874636.712563,369817.0,382438.0
1508874642.433288,369817.0,382438.0
1508874648.128911,369817.0,382438.0
1508874653.827984,369817.0,382438.0
1508874659.502881,369817.0,382438.0
1508874665.296783,369817.0,382438.0
1508874670.984843,369817.0,382438.0
1508874677.331171,369817.0,382438.0
1508874683.504762,369817.0,382438.0
1508874689.199297,369817.0,382438.0
1508874694.877693,369817.0,382438.0
1508874700.575187,369817.0,382438.0
1508874706.253737,369817.0,382438.0
1508874711.953648,369817.0,382438.0
1508874717.627839,369817.0,382438.0
1508874723.724033,369817.0,382438.0
1508874729.410733,369817.0,382438.0
1508874735.119454,369817.0,382438.0
1508874740.821323,369817.0,382438.0
1508874746.762201,369817.0,382438.0
1508874752.461873,369817.0,382438.0
1508874758.150451,369817.0,382438.0
1508874763.830764,369817.0,382438.0
1508874769.609747,369817.0,382438.0
1508874775.468479,369817.0,382438.0
1508874781.156262,369817.0,382438.0
1508874786.873346,369817.0,382438.0
1508874792.558514,369817.0,382438.0
1508874798.248593,370144.0,382775.0
1508874804.111108,370144.0,382775.0
1508874810.107438,370144.0,382775.0
1508874815.795029,370144.0,382775.0
1508874821.490816,370144.0,382775.0
1508874827.187053,370144.0,382775.0
1508874832.932065,370144.0,382775.0
1508874838.655311,370144.0,382775.0
1508874844.489465,370144.0,382775.0
1508874850.17758,370144.0,382775.0
1508874855.895441,370144.0,382775.0
1508874861.583272,370144.0,382775.0
1508874867.267158,370144.0,382775.0
1508874872.950793,370144.0,382775.0
1508874878.663358,370144.0,382775.0
1508874884.36289,370144.0,382775.0
1508874890.054484,370144.0,382775.0
1508874895.746038,370144.0,382775.0
1508874901.434343,370144.0,382775.0
1508874907.123717,370144.0,382775.0
1508874912.808955,370144.0,382775.0
1508874918.512551,370144.0,382775.0
1508874924.202993,370144.0,382775.0
1508874929.924436,370144.0,382775.0
1508874935.626243,370144.0,382775.0
1508874941.308799,370144.0,382775.0
1508874946.997926,370144.0,382775.0
1508874952.70612,370144.0,382775.0
1508874958.405061,370144.0,382775.0
1508874964.094374,370144.0,382775.0
1508874969.796921,370144.0,382775.0
1508874976.395931,370144.0,382775.0
1508874982.576828,370144.0,382775.0
1508874988.383548,370144.0,382775.0
1508874994.082172,370144.0,382775.0
1508874999.77512,370144.0,382775.0
1508875005.461379,370144.0,382775.0
1508875011.153003,370144.0,382775.0
1508875016.837713,370144.0,382775.0
1508875022.591503,370144.0,382775.0
1508875028.273195,370144.0,382775.0
1508875034.141636,370144.0,382775.0
1508875039.874245,370144.0,382775.0
1508875045.56552,370144.0,382775.0
1508875051.463659,370144.0,382775.0
1508875057.167205,370144.0,382775.0
1508875062.854299,370144.0,382775.0
1508875068.539207,370144.0,382775.0
1508875074.207344,370144.0,382775.0
1508875079.893509,370144.0,382775.0
1508875085.566537,370144.0,382775.0
1508875091.260733,370144.0,382775.0
1508875096.942258,370144.0,382775.0
1508875102.678625,370144.0,382775.0
1508875108.380786,370144.0,382775.0
1508875114.271395,370144.0,382775.0
1508875119.960873,370144.0,382775.0
1508875125.669511,370144.0,382775.0
1508875131.393921,370144.0,382775.0
1508875137.068797,370144.0,382775.0
1508875142.761466,370144.0,382775.0
1508875148.448002,370144.0,382775.0
1508875154.138105,370144.0,382775.0
1508875159.838692,370144.0,382775.0
1508875165.515905,370144.0,382775.0
1508875171.196664,370144.0,382775.0
1508875176.864285,370144.0,382775.0
1508875182.538904,370144.0,382775.0
1508875188.219943,370144.0,382775.0
1508875193.903392,370144.0,382775.0
1508875199.588528,370144.0,382775.0
1508875205.275385,370144.0,382775.0
1508875210.949814,370144.0,382775.0
1508875216.629816,370144.0,382775.0
1508875222.334233,370144.0,382775.0
1508875228.021706,370144.0,382775.0
1508875233.727693,370144.0,382775.0
1508875239.42194,370144.0,382775.0
1508875245.111056,370144.0,382775.0
1508875250.779143,370144.0,382775.0
1508875256.458637,370144.0,382775.0
1508875262.149565,370144.0,382775.0
1508875267.840918,370144.0,382775.0
1508875273.536236,370144.0,382775.0
1508875279.221487,370144.0,382775.0
1508875285.37262,370144.0,382775.0
1508875291.060467,370144.0,382775.0
1508875296.835753,370144.0,382775.0
1508875302.517487,370144.0,382775.0
1508875308.336473,370144.0,382775.0
1508875314.02725,370144.0,382775.0
1508875319.729684,370144.0,382775.0
1508875325.408058,370144.0,382775.0
1508875331.286945,370144.0,382775.0
1508875336.978881,370144.0,382775.0
1508875342.681192,370144.0,382775.0
1508875348.366834,370144.0,382775.0
1508875354.048091,370144.0,382775.0
1508875359.724585,370144.0,382775.0
1508875365.427809,370144.0,382775.0
1508875371.115225,370144.0,382775.0
1508875376.866303,370144.0,382775.0
1508875382.607544,370144.0,382775.0
1508875388.300433,370144.0,382775.0
1508875393.989168,370144.0,382775.0
1508875399.678062,370144.0,382775.0
1508875405.358508,370469.0,383112.0
1508875411.076971,370469.0,383112.0
1508875416.758695,370469.0,383112.0
1508875422.438781,370469.0,383112.0
1508875428.153127,370469.0,383112.0
1508875433.835366,370469.0,383112.0
1508875439.519126,370469.0,383112.0
1508875445.20362,370469.0,383112.0
1508875450.877542,370469.0,383112.0
1508875456.556798,370469.0,383112.0
1508875462.252882,370469.0,383112.0
1508875467.924963,370469.0,383112.0
1508875473.609039,370469.0,383112.0
1508875479.33426,370469.0,383112.0
1508875485.018882,370469.0,383112.0
1508875490.707486,370469.0,383112.0
1508875496.40491,370469.0,383112.0
1508875502.244847,370469.0,383112.0
1508875508.007221,370469.0,383112.0
1508875513.707766,370469.0,383112.0
1508875519.409203,370469.0,383112.0
1508875525.09955,370469.0,383112.0
1508875530.966975,370469.0,383112.0
1508875536.721741,370469.0,383112.0
1508875542.409169,370469.0,383112.0
1508875548.098599,370469.0,383112.0
1508875553.787054,370469.0,383112.0
1508875559.581697,370469.0,383112.0
1508875565.271475,370469.0,383112.0
1508875571.023737,370469.0,383112.0
1508875577.694492,370469.0,383112.0
1508875583.883695,370469.0,383112.0
1508875589.563515,370469.0,383112.0
1508875595.303889,370469.0,383112.0
1508875600.984025,370469.0,383112.0
1508875606.660669,370469.0,383112.0
1508875612.390831,370469.0,383112.0
1508875618.069768,370469.0,383112.0
1508875623.766469,370469.0,383112.0
1508875629.470321,370469.0,383112.0
1508875635.159034,370469.0,383112.0
1508875640.843084,370469.0,383112.0
1508875646.51822,370469.0,383112.0
1508875652.427033,370469.0,383112.0
1508875658.111305,370469.0,383112.0
1508875663.789238,370469.0,383112.0
1508875669.488428,370469.0,383112.0
1508875675.169105,370469.0,383112.0
1508875680.852547,370469.0,383112.0
1508875686.887172,370469.0,383112.0
1508875692.574283,370469.0,383112.0
1508875698.25454,370469.0,383112.0
1508875703.941576,370469.0,383112.0
1508875709.628675,370045.0,382673.0
1508875715.32583,370045.0,382673.0
1508875721.377997,370045.0,382673.0
1508875727.066906,370045.0,382673.0
1508875732.778731,370045.0,382673.0
1508875738.471389,370045.0,382673.0
1508875744.187084,370045.0,382673.0
1508875749.864499,370045.0,382673.0
1508875755.616948,370045.0,382673.0
1508875761.318218,370045.0,382673.0
1508875767.010746,370045.0,382673.0
1508875772.693626,370045.0,382673.0
1508875778.448352,370045.0,382673.0
1508875784.194071,370045.0,382673.0
1508875789.874701,370045.0,382673.0
1508875795.742542,370045.0,382673.0
1508875801.425672,370045.0,382673.0
1508875807.098938,370045.0,382673.0
1508875812.784583,370045.0,382673.0
1508875818.472184,370045.0,382673.0
1508875824.165598,370045.0,382673.0
1508875829.855904,370045.0,382673.0
1508875835.55941,370045.0,382673.0
1508875841.312389,370045.0,382673.0
1508875846.995484,370045.0,382673.0
1508875852.680119,370045.0,382673.0
1508875858.364968,370045.0,382673.0
1508875864.038218,370045.0,382673.0
1508875869.921958,370045.0,382673.0
1508875876.571453,370045.0,382673.0
1508875882.734358,370045.0,382673.0
1508875888.414593,370045.0,382673.0
1508875894.10949,370045.0,382673.0
1508875899.896138,370045.0,382673.0
1508875905.581034,370045.0,382673.0
1508875911.310162,370045.0,382673.0
1508875916.976366,370045.0,382673.0
1508875922.655796,370045.0,382673.0
1508875928.352013,370045.0,382673.0
1508875934.03868,370045.0,382673.0
1508875939.719752,370045.0,382673.0
1508875945.401115,370045.0,382673.0
1508875951.080025,370045.0,382673.0
1508875956.821127,370045.0,382673.0
1508875962.584814,370045.0,382673.0
1508875968.272097,370045.0,382673.0
1508875974.013883,370045.0,382673.0
1508875979.68511,370045.0,382673.0
1508875985.58993,370045.0,382673.0
1508875991.264832,370045.0,382673.0
1508875996.969564,370045.0,382673.0
1508876002.648763,370045.0,382673.0
1508876008.346413,369291.0,381893.0
1508876014.028887,369291.0,381893.0
1508876019.703841,369291.0,381893.0
1508876025.394623,369291.0,381893.0
1508876031.07059,369291.0,381893.0
1508876036.75662,369291.0,381893.0
1508876042.440424,369291.0,381893.0
1508876048.122695,369291.0,381893.0
1508876053.802174,369291.0,381893.0
1508876059.700678,369291.0,381893.0
1508876065.408472,369291.0,381893.0
1508876071.137248,369291.0,381893.0
1508876076.824808,369291.0,381893.0
1508876082.508004,369291.0,381893.0
1508876088.199145,369291.0,381893.0
1508876093.954684,369291.0,381893.0
1508876099.630051,369291.0,381893.0
1508876105.318593,369291.0,381893.0
1508876111.004728,369291.0,381893.0
1508876116.682804,369291.0,381893.0
1508876122.370577,369291.0,381893.0
1508876128.094711,369291.0,381893.0
1508876133.791449,369291.0,381893.0
1508876139.471186,369291.0,381893.0
1508876145.161553,369291.0,381893.0
1508876150.971706,369291.0,381893.0
1508876156.649675,369291.0,381893.0
1508876162.587243,369291.0,381893.0
1508876168.286233,369291.0,381893.0
1508876173.9636,369291.0,381893.0
1508876179.802762,369291.0,381893.0
1508876186.009644,369291.0,381893.0
1508876192.65575,369291.0,381893.0
1508876198.344812,369291.0,381893.0
1508876204.028871,369291.0,381893.0
1508876209.721601,369291.0,381893.0
1508876215.406606,369291.0,381893.0
1508876221.085986,369291.0,381893.0
1508876226.784139,369291.0,381893.0
1508876232.479046,369291.0,381893.0
1508876238.171093,369291.0,381893.0
1508876243.867351,369291.0,381893.0
1508876249.653625,369291.0,381893.0
1508876255.325842,369291.0,381893.0
1508876261.001272,369291.0,381893.0
1508876266.691789,369291.0,381893.0
1508876272.426952,369291.0,381893.0
1508876278.09836,369291.0,381893.0
1508876283.88781,369291.0,381893.0
1508876289.631521,369291.0,381893.0
1508876295.312627,369291.0,381893.0
1508876301.007546,369291.0,381893.0
1508876306.705961,369291.0,381893.0
1508876312.401699,366305.0,378805.0
1508876318.347215,366305.0,378805.0
1508876324.036753,366305.0,378805.0
1508876329.731068,366305.0,378805.0
1508876335.474708,366305.0,378805.0
1508876341.157164,366305.0,378805.0
1508876346.839788,366305.0,378805.0
1508876352.532894,366305.0,378805.0
1508876358.251045,366305.0,378805.0
1508876363.942512,366305.0,378805.0
1508876369.619375,366305.0,378805.0
1508876375.413257,366305.0,378805.0
1508876381.112872,366305.0,378805.0
1508876386.798458,366305.0,378805.0
1508876392.484784,366305.0,378805.0
1508876398.178324,366305.0,378805.0
1508876403.860236,366305.0,378805.0
1508876409.629537,366305.0,378805.0
1508876415.353623,366305.0,378805.0
1508876421.051325,366305.0,378805.0
1508876426.726639,366305.0,378805.0
1508876432.405764,366305.0,378805.0
1508876438.089715,366305.0,378805.0
1508876443.798568,366305.0,378805.0
1508876449.469686,366305.0,378805.0
1508876455.15748,366305.0,378805.0
1508876460.848108,366305.0,378805.0
1508876466.551641,366305.0,378805.0
1508876472.222499,366305.0,378805.0
1508876478.875792,366305.0,378805.0
1508876484.589595,366305.0,378805.0
1508876490.269803,366305.0,378805.0
1508876496.456922,366305.0,378805.0
1508876502.24247,366305.0,378805.0
1508876507.916664,366305.0,378805.0
1508876513.591744,366305.0,378805.0
1508876519.317009,366305.0,378805.0
1508876525.031611,366305.0,378805.0
1508876530.739659,366305.0,378805.0
1508876536.436823,366305.0,378805.0
1508876542.127541,366305.0,378805.0
1508876547.822534,366305.0,378805.0
1508876553.502537,366305.0,378805.0
1508876559.484398,366305.0,378805.0
1508876565.167649,366305.0,378805.0
1508876570.849444,366305.0,378805.0
1508876576.534356,366305.0,378805.0
1508876582.20723,366305.0,378805.0
1508876587.893419,366305.0,378805.0
1508876593.586145,366305.0,378805.0
1508876599.258773,366305.0,378805.0
1508876604.93597,366305.0,378805.0
1508876610.622874,366305.0,378805.0
1508876616.357812,366156.0,378652.0
1508876622.243645,366156.0,378652.0
1508876627.927182,366156.0,378652.0
1508876633.600248,366156.0,378652.0
1508876639.293487,366156.0,378652.0
1508876644.973859,366156.0,378652.0
1508876650.66136,366156.0,378652.0
1508876656.34714,366156.0,378652.0
1508876662.051278,366156.0,378652.0
1508876667.728497,366156.0,378652.0
1508876673.413852,366156.0,378652.0
1508876679.095269,366156.0,378652.0
1508876684.778692,366156.0,378652.0
1508876690.453872,366156.0,378652.0
1508876696.146368,366156.0,378652.0
1508876701.879257,366156.0,378652.0
1508876707.567945,366156.0,378652.0
1508876713.352025,366156.0,378652.0
1508876719.139989,366156.0,378652.0
1508876724.815161,366156.0,378652.0
1508876730.49897,366156.0,378652.0
1508876736.220265,366156.0,378652.0
1508876741.910298,366156.0,378652.0
1508876747.597441,366156.0,378652.0
1508876753.264172,366156.0,378652.0
1508876758.958705,366156.0,378652.0
1508876764.639501,366156.0,378652.0
1508876770.368761,366156.0,378652.0
1508876776.061464,366156.0,378652.0
1508876781.773582,366156.0,378652.0
1508876787.465596,366156.0,378652.0
1508876793.14407,366156.0,378652.0
1508876799.38348,366156.0,378652.0
1508876805.096978,366156.0,378652.0
1508876810.775602,366156.0,378652.0
1508876816.467557,366156.0,378652.0
1508876822.150465,366156.0,378652.0
1508876827.848807,366156.0,378652.0
1508876833.894353,366156.0,378652.0
1508876839.627033,366156.0,378652.0
1508876845.312735,366156.0,378652.0
1508876850.998603,366156.0,378652.0
1508876856.71368,366156.0,378652.0
1508876862.400485,366156.0,378652.0
1508876868.088801,366156.0,378652.0
1508876873.768826,366156.0,378652.0
1508876879.464274,366156.0,378652.0
1508876885.26459,366156.0,378652.0
1508876890.961304,366156.0,378652.0
1508876896.643984,366156.0,378652.0
1508876902.332768,366156.0,378652.0
1508876908.039798,366156.0,378652.0
1508876913.734187,366156.0,378652.0
1508876919.422084,366559.0,379069.0
1508876925.208619,366559.0,379069.0
1508876930.892497,366559.0,379069.0
1508876936.591128,366559.0,379069.0
1508876942.386835,366559.0,379069.0
1508876948.067961,366559.0,379069.0
1508876953.745128,366559.0,379069.0
1508876959.433842,366559.0,379069.0
1508876965.149508,366559.0,379069.0
1508876970.837597,366559.0,379069.0
1508876976.53377,366559.0,379069.0
1508876982.232939,366559.0,379069.0
1508876987.927098,366559.0,379069.0
1508876993.59823,366559.0,379069.0
1508876999.304816,366559.0,379069.0
1508877004.986175,366559.0,379069.0
1508877010.678704,366559.0,379069.0
1508877016.366514,366559.0,379069.0
1508877022.085284,366559.0,379069.0
1508877027.764744,366559.0,379069.0
1508877033.446851,366559.0,379069.0
1508877039.151435,366559.0,379069.0
1508877044.839303,366559.0,379069.0
1508877050.52718,366559.0,379069.0
1508877056.271691,366559.0,379069.0
1508877061.990173,366559.0,379069.0
1508877067.733631,366559.0,379069.0
1508877073.447415,366559.0,379069.0
1508877080.158271,366559.0,379069.0
1508877085.837712,366559.0,379069.0
1508877091.531002,366559.0,379069.0
1508877097.213111,366559.0,379069.0
1508877103.459249,366559.0,379069.0
1508877109.324354,366559.0,379069.0
1508877115.019886,366559.0,379069.0
1508877120.723018,366559.0,379069.0
1508877126.419891,366559.0,379069.0
1508877132.098617,366559.0,379069.0
1508877137.990338,366559.0,379069.0
1508877143.66084,366559.0,379069.0
1508877149.356371,366559.0,379069.0
1508877155.027603,366559.0,379069.0
1508877160.723094,366559.0,379069.0
1508877166.410871,366559.0,379069.0
1508877172.103266,366559.0,379069.0
1508877178.062792,366559.0,379069.0
1508877183.751495,366559.0,379069.0
1508877189.461577,366559.0,379069.0
1508877195.159811,366559.0,379069.0
1508877200.839212,366559.0,379069.0
1508877206.521291,366559.0,379069.0
1508877212.21762,366559.0,379069.0
1508877217.944622,366559.0,379069.0
1508877223.623753,361932.0,374283.0
1508877229.320471,361932.0,374283.0
1508877235.025067,361932.0,374283.0
1508877240.735234,361932.0,374283.0
1508877246.458994,361932.0,374283.0
1508877252.14664,361932.0,374283.0
1508877257.839701,361932.0,374283.0
1508877263.57402,361932.0,374283.0
1508877269.293397,361932.0,374283.0
1508877274.987277,361932.0,374283.0
1508877280.669878,361932.0,374283.0
1508877286.37446,361932.0,374283.0
1508877292.044984,361932.0,374283.0
1508877297.733097,361932.0,374283.0
1508877303.429907,361932.0,374283.0
1508877309.117731,361932.0,374283.0
1508877314.805609,361932.0,374283.0
1508877320.501001,361932.0,374283.0
1508877326.202398,361932.0,374283.0
1508877331.89228,361932.0,374283.0
1508877337.581448,361932.0,374283.0
1508877343.273091,361932.0,374283.0
1508877348.990448,361932.0,374283.0
1508877354.695083,361932.0,374283.0
1508877360.37541,361932.0,374283.0
1508877366.069895,361932.0,374283.0
1508877371.751318,361932.0,374283.0
1508877377.439146,361932.0,374283.0
1508877383.134563,361932.0,374283.0
1508877388.814641,361932.0,374283.0
1508877394.495213,361932.0,374283.0
1508877400.180537,361932.0,374283.0
1508877406.421209,361932.0,374283.0
1508877412.107879,361932.0,374283.0
1508877417.7957,361932.0,374283.0
1508877423.491647,361932.0,374283.0
1508877429.209816,361932.0,374283.0
1508877434.967133,361932.0,374283.0
1508877440.663829,361932.0,374283.0
1508877446.368497,361932.0,374283.0
1508877452.065689,361932.0,374283.0
1508877457.753577,361932.0,374283.0
1508877463.441177,361932.0,374283.0
1508877469.132936,361932.0,374283.0
1508877474.999032,361932.0,374283.0
1508877480.771773,361932.0,374283.0
1508877486.452073,361932.0,374283.0
1508877492.144615,361932.0,374283.0
1508877497.826089,361932.0,374283.0
1508877503.523494,361932.0,374283.0
1508877509.20071,361932.0,374283.0
1508877514.899269,361932.0,374283.0
1508877520.60366,361932.0,374283.0
1508877526.299795,363203.0,375597.0
1508877532.004496,363203.0,375597.0
1508877537.691944,363203.0,375597.0
1508877544.113626,363203.0,375597.0
1508877549.84232,363203.0,375597.0
1508877555.555883,363203.0,375597.0
1508877561.252945,363203.0,375597.0
1508877566.942581,363203.0,375597.0
1508877572.645542,363203.0,375597.0
1508877578.345276,363203.0,375597.0
1508877584.037919,363203.0,375597.0
1508877589.717467,363203.0,375597.0
1508877595.404539,363203.0,375597.0
1508877601.102918,363203.0,375597.0
1508877606.788065,363203.0,375597.0
1508877612.485268,363203.0,375597.0
1508877618.177137,363203.0,375597.0
1508877623.869849,363203.0,375597.0
1508877629.548454,363203.0,375597.0
1508877635.238018,363203.0,375597.0
1508877640.925809,363203.0,375597.0
1508877646.604706,363203.0,375597.0
1508877652.283391,363203.0,375597.0
1508877657.972115,363203.0,375597.0
1508877663.710054,363203.0,375597.0
1508877669.389629,363203.0,375597.0
1508877675.077485,363203.0,375597.0
1508877681.787094,363203.0,375597.0
1508877687.47087,363203.0,375597.0
1508877693.203062,363203.0,375597.0
1508877698.904671,363203.0,375597.0
1508877705.150082,363203.0,375597.0
1508877710.837976,363203.0,375597.0
1508877716.533684,363203.0,375597.0
1508877722.222742,363203.0,375597.0
1508877727.91685,363203.0,375597.0
1508877733.607593,363203.0,375597.0
1508877739.301021,363203.0,375597.0
1508877744.991086,363203.0,375597.0
1508877750.68799,363203.0,375597.0
1508877756.383834,363203.0,375597.0
1508877762.108302,363203.0,375597.0
1508877767.790973,363203.0,375597.0
1508877773.480182,363203.0,375597.0
1508877779.160911,363203.0,375597.0
1508877784.898129,363203.0,375597.0
1508877790.578397,363203.0,375597.0
1508877796.263074,363203.0,375597.0
1508877801.995869,363203.0,375597.0
1508877807.691881,363203.0,375597.0
1508877813.388257,363203.0,375597.0
1508877819.076073,363203.0,375597.0
1508877824.761026,363980.0,376401.0
1508877830.533758,363980.0,376401.0
1508877836.215005,363980.0,376401.0
1508877841.915241,363980.0,376401.0
1508877847.715762,363980.0,376401.0
1508877853.420334,363980.0,376401.0
1508877859.106623,363980.0,376401.0
1508877864.779441,363980.0,376401.0
1508877870.47486,363980.0,376401.0
1508877876.188693,363980.0,376401.0
1508877881.867167,363980.0,376401.0
1508877887.556635,363980.0,376401.0
1508877893.252212,363980.0,376401.0
1508877898.940085,363980.0,376401.0
1508877904.678011,363980.0,376401.0
1508877910.365896,363980.0,376401.0
1508877916.194262,363980.0,376401.0
1508877921.911826,363980.0,376401.0
1508877927.589687,363980.0,376401.0
1508877933.28425,363980.0,376401.0
1508877938.955447,363980.0,376401.0
1508877944.641771,363980.0,376401.0
1508877950.331166,363980.0,376401.0
1508877956.101997,363980.0,376401.0
1508877961.793289,363980.0,376401.0
1508877967.49157,363980.0,376401.0
1508877973.184401,363980.0,376401.0
1508877979.508688,363980.0,376401.0
1508877985.292742,363980.0,376401.0
1508877991.928208,363980.0,376401.0
1508877997.617696,363980.0,376401.0
1508878003.297321,363980.0,376401.0
1508878009.044894,363980.0,376401.0
1508878014.732783,363980.0,376401.0
1508878020.428661,363980.0,376401.0
1508878026.158071,363980.0,376401.0
1508878031.866565,363980.0,376401.0
1508878037.546841,363980.0,376401.0
1508878043.237379,363980.0,376401.0
1508878048.951029,363980.0,376401.0
1508878054.658333,363980.0,376401.0
1508878060.338325,363980.0,376401.0
1508878066.014751,363980.0,376401.0
1508878071.689228,363980.0,376401.0
1508878077.390547,363980.0,376401.0
1508878083.077301,363980.0,376401.0
1508878088.792132,363980.0,376401.0
1508878094.478464,363980.0,376401.0
1508878100.157786,363980.0,376401.0
1508878105.846636,363980.0,376401.0
1508878111.533324,363980.0,376401.0
1508878117.229176,363980.0,376401.0
1508878122.949471,363980.0,376401.0
1508878128.632266,364604.0,377046.0
1508878134.528684,364604.0,377046.0
1508878140.212329,364604.0,377046.0
1508878145.895683,364604.0,377046.0
1508878151.585161,364604.0,377046.0
1508878157.313716,364604.0,377046.0
1508878163.007432,364604.0,377046.0
1508878168.732201,364604.0,377046.0
1508878174.435156,364604.0,377046.0
1508878180.124326,364604.0,377046.0
1508878185.83133,364604.0,377046.0
1508878191.517811,364604.0,377046.0
1508878197.212133,364604.0,377046.0
1508878202.890824,364604.0,377046.0
1508878208.569827,364604.0,377046.0
1508878214.270707,364604.0,377046.0
1508878219.96366,364604.0,377046.0
1508878225.707508,364604.0,377046.0
1508878231.38106,364604.0,377046.0
1508878237.068722,364604.0,377046.0
1508878242.838857,364604.0,377046.0
1508878248.52443,364604.0,377046.0
1508878254.232291,364604.0,377046.0
1508878259.904758,364604.0,377046.0
1508878265.666796,364604.0,377046.0
1508878271.359148,364604.0,377046.0
1508878277.042658,364604.0,377046.0
1508878282.714042,364604.0,377046.0
1508878288.392609,364604.0,377046.0
1508878295.081466,364604.0,377046.0
1508878300.790651,364604.0,377046.0
1508878306.482611,364604.0,377046.0
1508878312.165906,364604.0,377046.0
1508878317.849673,364604.0,377046.0
1508878323.546689,364604.0,377046.0
1508878329.226019,364604.0,377046.0
1508878334.963798,364604.0,377046.0
1508878340.660712,364604.0,377046.0
1508878346.346776,364604.0,377046.0
1508878352.024798,364604.0,377046.0
1508878357.7137,364604.0,377046.0
1508878363.410468,364604.0,377046.0
1508878369.098246,364604.0,377046.0
1508878374.804382,364604.0,377046.0
1508878380.500582,364604.0,377046.0
1508878386.185062,364604.0,377046.0
1508878391.934755,364604.0,377046.0
1508878397.614196,364604.0,377046.0
1508878403.343985,364604.0,377046.0
1508878409.015089,364604.0,377046.0
1508878414.709327,364604.0,377046.0
1508878420.39086,364604.0,377046.0
1508878426.10867,364604.0,377046.0
1508878431.783186,362975.0,375362.0
1508878437.592532,362975.0,375362.0
1508878443.33571,362975.0,375362.0
1508878449.035273,362975.0,375362.0
1508878454.718428,362975.0,375362.0
1508878460.402397,362975.0,375362.0
1508878466.100104,362975.0,375362.0
1508878471.781948,362975.0,375362.0
1508878477.57805,362975.0,375362.0
1508878483.274607,362975.0,375362.0
1508878488.988165,362975.0,375362.0
1508878494.689709,362975.0,375362.0
1508878500.376367,362975.0,375362.0
1508878506.059045,362975.0,375362.0
1508878511.737019,362975.0,375362.0
1508878517.442678,362975.0,375362.0
1508878523.116364,362975.0,375362.0
1508878528.802115,362975.0,375362.0
1508878534.501152,362975.0,375362.0
1508878540.194569,362975.0,375362.0
1508878545.891448,362975.0,375362.0
1508878551.58596,362975.0,375362.0
1508878557.274376,362975.0,375362.0
1508878562.971744,362975.0,375362.0
1508878568.659537,362975.0,375362.0
1508878574.374003,362975.0,375362.0
1508878580.077013,362975.0,375362.0
1508878585.764365,362975.0,375362.0
1508878591.437577,362975.0,375362.0
1508878598.090563,362975.0,375362.0
1508878603.816907,362975.0,375362.0
1508878609.507462,362975.0,375362.0
1508878615.220137,362975.0,375362.0
1508878620.917256,362975.0,375362.0
1508878626.639257,362975.0,375362.0
1508878632.333164,362975.0,375362.0
1508878638.037188,362975.0,375362.0
1508878643.727432,362975.0,375362.0
1508878649.414033,362975.0,375362.0
1508878655.120333,362975.0,375362.0
1508878660.813152,362975.0,375362.0
1508878666.49598,362975.0,375362.0
1508878672.175799,362975.0,375362.0
1508878677.858543,362975.0,375362.0
1508878683.534856,362975.0,375362.0
1508878689.230101,362975.0,375362.0
1508878695.200344,362975.0,375362.0
1508878700.881011,362975.0,375362.0
1508878706.57564,362975.0,375362.0
1508878712.248581,362975.0,375362.0
1508878717.947392,362975.0,375362.0
1508878723.64125,362975.0,375362.0
1508878729.334194,362975.0,375362.0
1508878735.026082,365351.0,377819.0
1508878740.736513,365351.0,377819.0
1508878746.418512,365351.0,377819.0
1508878752.115724,365351.0,377819.0
1508878757.818746,365351.0,377819.0
1508878763.508441,365351.0,377819.0
1508878769.203508,365351.0,377819.0
1508878774.884504,365351.0,377819.0
1508878780.571298,365351.0,377819.0
1508878786.258207,365351.0,377819.0
1508878791.954741,365351.0,377819.0
1508878797.650253,365351.0,377819.0
1508878803.346212,365351.0,377819.0
1508878809.052044,365351.0,377819.0
1508878814.746264,365351.0,377819.0
1508878820.635544,365351.0,377819.0
1508878826.322273,365351.0,377819.0
1508878832.003725,365351.0,377819.0
1508878837.682609,365351.0,377819.0
1508878843.362956,365351.0,377819.0
1508878849.04289,365351.0,377819.0
1508878854.738644,365351.0,377819.0
1508878860.434273,365351.0,377819.0
1508878866.118685,365351.0,377819.0
1508878871.794308,365351.0,377819.0
1508878877.490099,365351.0,377819.0
1508878883.168304,365351.0,377819.0
1508878888.849303,365351.0,377819.0
1508878894.529092,365351.0,377819.0
1508878901.116554,365351.0,377819.0
1508878906.90441,365351.0,377819.0
1508878912.591116,365351.0,377819.0
1508878918.287662,365351.0,377819.0
1508878923.983679,365351.0,377819.0
1508878929.663608,365351.0,377819.0
1508878935.359932,365351.0,377819.0
1508878941.048523,365351.0,377819.0
1508878946.728879,365351.0,377819.0
1508878952.410109,365351.0,377819.0
1508878958.104186,365351.0,377819.0
1508878963.799598,365351.0,377819.0
1508878969.489891,365351.0,377819.0
1508878975.212978,365351.0,377819.0
1508878980.906282,365351.0,377819.0
1508878986.809339,365351.0,377819.0
1508878992.496954,365351.0,377819.0
1508878998.184552,365351.0,377819.0
1508879003.882271,365351.0,377819.0
1508879009.579273,365351.0,377819.0
1508879015.274646,365351.0,377819.0
1508879020.95324,365351.0,377819.0
1508879026.639671,365351.0,377819.0
1508879032.314099,365351.0,377819.0
1508879037.992511,364465.0,376903.0
1508879043.889988,364465.0,376903.0
1508879049.598783,364465.0,376903.0
1508879055.288347,364465.0,376903.0
1508879060.986081,364465.0,376903.0
1508879066.666469,364465.0,376903.0
1508879072.353519,364465.0,376903.0
1508879078.034851,364465.0,376903.0
1508879083.721937,364465.0,376903.0
1508879089.45832,364465.0,376903.0
1508879095.14764,364465.0,376903.0
1508879100.84491,364465.0,376903.0
1508879106.547937,364465.0,376903.0
1508879112.252595,364465.0,376903.0
1508879117.938829,364465.0,376903.0
1508879123.620423,364465.0,376903.0
1508879129.319675,364465.0,376903.0
1508879135.0129,364465.0,376903.0
1508879140.700809,364465.0,376903.0
1508879146.402054,364465.0,376903.0
1508879152.078656,364465.0,376903.0
1508879157.764353,364465.0,376903.0
1508879163.452351,364465.0,376903.0
1508879169.156914,364465.0,376903.0
1508879174.839566,364465.0,376903.0
1508879180.515975,364465.0,376903.0
1508879186.220661,364465.0,376903.0
1508879191.917419,364465.0,376903.0
1508879197.621223,364465.0,376903.0
1508879203.88713,364465.0,376903.0
1508879209.637913,364465.0,376903.0
1508879215.327125,364465.0,376903.0
1508879221.011285,364465.0,376903.0
1508879226.702861,364465.0,376903.0
1508879232.389265,364465.0,376903.0
1508879238.101426,364465.0,376903.0
1508879243.824926,364465.0,376903.0
1508879249.528553,364465.0,376903.0
1508879255.202472,364465.0,376903.0
1508879260.880257,364465.0,376903.0
1508879266.559366,364465.0,376903.0
1508879272.237771,364465.0,376903.0
1508879277.977233,364465.0,376903.0
1508879283.672643,364465.0,376903.0
1508879289.360631,364465.0,376903.0
1508879295.039654,364465.0,376903.0
1508879300.736757,364465.0,376903.0
1508879306.416682,364465.0,376903.0
1508879312.114207,364465.0,376903.0
1508879317.859174,364465.0,376903.0
1508879323.563774,364465.0,376903.0
1508879329.243123,364465.0,376903.0
1508879334.940116,364465.0,376903.0
1508879340.625981,361821.0,374168.0
1508879346.371366,361821.0,374168.0
1508879352.067601,361821.0,374168.0
1508879357.751451,361821.0,374168.0
1508879363.479041,361821.0,374168.0
1508879369.166944,361821.0,374168.0
1508879374.85482,361821.0,374168.0
1508879380.542677,361821.0,374168.0
1508879386.25531,361821.0,374168.0
1508879392.026652,361821.0,374168.0
1508879397.697949,361821.0,374168.0
1508879403.39299,361821.0,374168.0
1508879409.074723,361821.0,374168.0
1508879414.760991,361821.0,374168.0
1508879420.431909,361821.0,374168.0
1508879426.11245,361821.0,374168.0
1508879431.809394,361821.0,374168.0
1508879437.495281,361821.0,374168.0
1508879443.192757,361821.0,374168.0
1508879448.871931,361821.0,374168.0
1508879454.558213,361821.0,374168.0
1508879460.296153,361821.0,374168.0
1508879465.976044,361821.0,374168.0
1508879471.656378,361821.0,374168.0
1508879477.343981,361821.0,374168.0
1508879483.041289,361821.0,374168.0
1508879488.72589,361821.0,374168.0
1508879494.42733,361821.0,374168.0
1508879501.14651,361821.0,374168.0
1508879507.383737,361821.0,374168.0
1508879513.065418,361821.0,374168.0
1508879518.761435,361821.0,374168.0
1508879524.443312,361821.0,374168.0
1508879530.136299,361821.0,374168.0
1508879535.83348,361821.0,374168.0
1508879541.527381,361821.0,374168.0
1508879547.209192,361821.0,374168.0
1508879552.913786,361821.0,374168.0
1508879558.626477,361821.0,374168.0
1508879564.316514,361821.0,374168.0
1508879570.017062,361821.0,374168.0
1508879575.704932,361821.0,374168.0
1508879581.386629,361821.0,374168.0
1508879587.091107,361821.0,374168.0
1508879592.778974,361821.0,374168.0
1508879598.466939,361821.0,374168.0
1508879604.153339,361821.0,374168.0
1508879609.856315,361821.0,374168.0
1508879615.529041,361821.0,374168.0
1508879621.210727,361821.0,374168.0
1508879626.897245,361821.0,374168.0
1508879632.635646,361821.0,374168.0
1508879638.323442,361821.0,374168.0
1508879644.211149,360655.0,372963.0
1508879649.899077,360655.0,372963.0
1508879655.653845,360655.0,372963.0
1508879661.341841,360655.0,372963.0
1508879667.027737,360655.0,372963.0
1508879672.73535,360655.0,372963.0
1508879678.430864,360655.0,372963.0
1508879684.108226,360655.0,372963.0
1508879689.797834,360655.0,372963.0
1508879695.520314,360655.0,372963.0
1508879701.256911,360655.0,372963.0
1508879706.936882,360655.0,372963.0
1508879712.624792,360655.0,372963.0
1508879718.311151,360655.0,372963.0
1508879724.000651,360655.0,372963.0
1508879729.688505,360655.0,372963.0
1508879735.392036,360655.0,372963.0
1508879741.089832,360655.0,372963.0
1508879746.768813,360655.0,372963.0
1508879752.456783,360655.0,372963.0
1508879758.144448,360655.0,372963.0
1508879763.840684,360655.0,372963.0
1508879769.543472,360655.0,372963.0
1508879775.258267,360655.0,372963.0
1508879780.937009,360655.0,372963.0
1508879786.621946,360655.0,372963.0
1508879793.424861,360655.0,372963.0
1508879799.605585,360655.0,372963.0
1508879805.298956,360655.0,372963.0
1508879810.979414,360655.0,372963.0
1508879816.666572,360655.0,372963.0
1508879822.334692,360655.0,372963.0
1508879828.023148,360655.0,372963.0
1508879833.713074,360655.0,372963.0
1508879839.448757,360655.0,372963.0
1508879845.12923,360655.0,372963.0
1508879850.824675,360655.0,372963.0
1508879856.512983,360655.0,372963.0
1508879862.211093,360655.0,372963.0
1508879867.901101,360655.0,372963.0
1508879873.577615,360655.0,372963.0
1508879879.365387,360655.0,372963.0
1508879885.046032,360655.0,372963.0
1508879890.717278,360655.0,372963.0
1508879896.418903,360655.0,372963.0
1508879902.110912,360655.0,372963.0
1508879907.804916,360655.0,372963.0
1508879913.491234,360655.0,372963.0
1508879919.181589,360655.0,372963.0
1508879924.892557,360655.0,372963.0
1508879930.596478,360655.0,372963.0
1508879936.285517,360655.0,372963.0
1508879942.040805,360655.0,372963.0
1508879947.746087,360846.0,373161.0
1508879953.440069,360846.0,373161.0
1508879959.145286,360846.0,373161.0
1508879964.841185,360846.0,373161.0
1508879970.525817,360846.0,373161.0
1508879976.224168,360846.0,373161.0
1508879981.906871,360846.0,373161.0
1508879987.588987,360846.0,373161.0
1508879993.373352,360846.0,373161.0
1508879999.050717,360846.0,373161.0
1508880004.741737,360846.0,373161.0
1508880010.487802,360846.0,373161.0
1508880016.173876,360846.0,373161.0
1508880021.872125,360846.0,373161.0
1508880027.551247,360846.0,373161.0
1508880033.237352,360846.0,373161.0
1508880038.919069,360846.0,373161.0
1508880044.681108,360846.0,373161.0
1508880050.369086,360846.0,373161.0
1508880056.049453,360846.0,373161.0
1508880061.728261,360846.0,373161.0
1508880067.425093,360846.0,373161.0
1508880073.120667,360846.0,373161.0
1508880078.834318,360846.0,373161.0
1508880084.512418,360846.0,373161.0
1508880090.225454,360846.0,373161.0
1508880096.486824,360846.0,373161.0
1508880103.176594,360846.0,373161.0
1508880108.891728,360846.0,373161.0
1508880114.569155,360846.0,373161.0
1508880120.263095,360846.0,373161.0
1508880125.95525,360846.0,373161.0
1508880131.643132,360846.0,373161.0
1508880137.331007,360846.0,373161.0
1508880143.025571,360846.0,373161.0
1508880148.714292,360846.0,373161.0
1508880154.386686,360846.0,373161.0
1508880160.08172,360846.0,373161.0
1508880165.76167,360846.0,373161.0
1508880171.449144,360846.0,373161.0
1508880177.405979,360846.0,373161.0
1508880183.084167,360846.0,373161.0
1508880188.763732,360846.0,373161.0
1508880194.80343,360846.0,373161.0
1508880200.492637,360846.0,373161.0
1508880206.177557,360846.0,373161.0
1508880211.864984,360846.0,373161.0
1508880217.628544,360846.0,373161.0
1508880223.307188,360846.0,373161.0
1508880229.021586,360846.0,373161.0
1508880234.707395,360846.0,373161.0
1508880240.412888,360846.0,373161.0
1508880246.10724,361411.0,373745.0
1508880251.804925,361411.0,373745.0
1508880257.482935,361411.0,373745.0
1508880263.214938,361411.0,373745.0
1508880268.897942,361411.0,373745.0
1508880274.598154,361411.0,373745.0
1508880280.377591,361411.0,373745.0
1508880286.066574,361411.0,373745.0
1508880291.761919,361411.0,373745.0
1508880297.442318,361411.0,373745.0
1508880303.187638,361411.0,373745.0
1508880308.886864,361411.0,373745.0
1508880314.670935,361411.0,373745.0
1508880320.385296,361411.0,373745.0
1508880326.065084,361411.0,373745.0
1508880331.75266,361411.0,373745.0
1508880337.430171,361411.0,373745.0
1508880343.135142,361411.0,373745.0
1508880348.82492,361411.0,373745.0
1508880354.507861,361411.0,373745.0
1508880360.19959,361411.0,373745.0
1508880365.897122,361411.0,373745.0
1508880371.584928,361411.0,373745.0
1508880377.339578,361411.0,373745.0
1508880383.032983,361411.0,373745.0
1508880388.70992,361411.0,373745.0
1508880394.393935,361411.0,373745.0
1508880400.64893,361411.0,373745.0
1508880406.346084,361411.0,373745.0
1508880412.033958,361411.0,373745.0
1508880417.703671,361411.0,373745.0
1508880423.399043,361411.0,373745.0
1508880429.0809,361411.0,373745.0
1508880434.770948,361411.0,373745.0
1508880440.462942,361411.0,373745.0
1508880446.152024,361411.0,373745.0
1508880451.841732,361411.0,373745.0
1508880457.521554,361411.0,373745.0
1508880463.208174,361411.0,373745.0
1508880468.912728,361411.0,373745.0
1508880474.615495,361411.0,373745.0
1508880480.305158,361411.0,373745.0
1508880486.076446,361411.0,373745.0
1508880491.772107,361411.0,373745.0
1508880497.459385,361411.0,373745.0
1508880503.144884,361411.0,373745.0
1508880508.817483,361411.0,373745.0
1508880514.571852,361411.0,373745.0
1508880520.270557,361411.0,373745.0
1508880525.966358,361411.0,373745.0
1508880531.656281,361411.0,373745.0
1508880537.342357,361411.0,373745.0
1508880543.020366,361411.0,373745.0
1508880548.724918,358800.0,371044.0
1508880554.425466,358800.0,371044.0
1508880560.109925,358800.0,371044.0
1508880565.78129,358800.0,371044.0
1508880571.485549,358800.0,371044.0
1508880577.190855,358800.0,371044.0
1508880582.87961,358800.0,371044.0
1508880588.565861,358800.0,371044.0
1508880594.246344,358800.0,371044.0
1508880599.929724,358800.0,371044.0
1508880605.6295,358800.0,371044.0
1508880611.309967,358800.0,371044.0
1508880616.988617,358800.0,371044.0
1508880622.67664,358800.0,371044.0
1508880628.356868,358800.0,371044.0
1508880634.03838,358800.0,371044.0
1508880639.732677,358800.0,371044.0
1508880645.42055,358800.0,371044.0
1508880651.115914,358800.0,371044.0
1508880656.796268,358800.0,371044.0
1508880662.484712,358800.0,371044.0
1508880668.18101,358800.0,371044.0
1508880673.859839,358800.0,371044.0
1508880679.612746,358800.0,371044.0
1508880685.312089,358800.0,371044.0
1508880691.007003,358800.0,371044.0
1508880696.694897,358800.0,371044.0
1508880702.932149,358800.0,371044.0
1508880709.07132,358800.0,371044.0
1508880714.774333,358800.0,371044.0
1508880720.460647,358800.0,371044.0
1508880726.143353,358800.0,371044.0
1508880731.830645,358800.0,371044.0
1508880737.55324,358800.0,371044.0
1508880743.230019,358800.0,371044.0
1508880748.979641,358800.0,371044.0
1508880754.667689,358800.0,371044.0
1508880760.370464,358800.0,371044.0
1508880766.05021,358800.0,371044.0
1508880771.745598,358800.0,371044.0
1508880777.601856,358800.0,371044.0
1508880783.371427,358800.0,371044.0
1508880789.04263,358800.0,371044.0
1508880794.713706,358800.0,371044.0
1508880800.417458,358800.0,371044.0
1508880806.106442,358800.0,371044.0
1508880811.805641,358800.0,371044.0
1508880817.484536,358800.0,371044.0
1508880823.17924,358800.0,371044.0
1508880828.874496,358800.0,371044.0
1508880834.545802,358800.0,371044.0
1508880840.229528,358800.0,371044.0
1508880846.481092,358856.0,371102.0
1508880852.192461,358856.0,371102.0
1508880857.992477,358856.0,371102.0
1508880863.678257,358856.0,371102.0
1508880869.357832,358856.0,371102.0
1508880875.073882,358856.0,371102.0
1508880880.764749,358856.0,371102.0
1508880886.446535,358856.0,371102.0
1508880892.134293,358856.0,371102.0
1508880897.814694,358856.0,371102.0
1508880903.499929,358856.0,371102.0
1508880909.192972,358856.0,371102.0
1508880914.876274,358856.0,371102.0
1508880920.548034,358856.0,371102.0
1508880926.227577,358856.0,371102.0
1508880932.023369,358856.0,371102.0
1508880937.699169,358856.0,371102.0
1508880943.375244,358856.0,371102.0
1508880949.064573,358856.0,371102.0
1508880954.740686,358856.0,371102.0
1508880960.438976,358856.0,371102.0
1508880966.126815,358856.0,371102.0
1508880971.798013,358856.0,371102.0
1508880977.477438,358856.0,371102.0
1508880983.166197,358856.0,371102.0
1508880988.865754,358856.0,371102.0
1508880994.549581,358856.0,371102.0
1508881000.241702,358856.0,371102.0
1508881006.465547,358856.0,371102.0
1508881012.153406,358856.0,371102.0
1508881017.842494,358856.0,371102.0
1508881023.524087,358856.0,371102.0
1508881029.243916,358856.0,371102.0
1508881034.93991,358856.0,371102.0
1508881040.634949,358856.0,371102.0
1508881046.324233,358856.0,371102.0
1508881052.004395,358856.0,371102.0
1508881057.681783,358856.0,371102.0
1508881063.364278,358856.0,371102.0
1508881069.08213,358856.0,371102.0
1508881074.769778,358856.0,371102.0
1508881080.985379,358856.0,371102.0
1508881086.680639,358856.0,371102.0
1508881092.761293,358856.0,371102.0
1508881098.440602,358856.0,371102.0
1508881104.109912,358856.0,371102.0
1508881109.790896,358856.0,371102.0
1508881115.48738,358856.0,371102.0
1508881121.174906,358856.0,371102.0
1508881126.878681,358856.0,371102.0
1508881132.559104,358856.0,371102.0
1508881138.240025,358856.0,371102.0
1508881143.927641,358856.0,371102.0
1508881149.614398,358876.0,371123.0
1508881155.321616,358876.0,371123.0
1508881160.999218,358876.0,371123.0
1508881166.720458,358876.0,371123.0
1508881172.410013,358876.0,371123.0
1508881178.104132,358876.0,371123.0
1508881183.775276,358876.0,371123.0
1508881189.455307,358876.0,371123.0
1508881195.137898,358876.0,371123.0
1508881200.814478,358876.0,371123.0
1508881206.502245,358876.0,371123.0
1508881212.197029,358876.0,371123.0
1508881217.894588,358876.0,371123.0
1508881223.589987,358876.0,371123.0
1508881229.276786,358876.0,371123.0
1508881234.958388,358876.0,371123.0
1508881240.646342,358876.0,371123.0
1508881246.341796,358876.0,371123.0
1508881252.022027,358876.0,371123.0
1508881257.708732,358876.0,371123.0
1508881263.39617,358876.0,371123.0
1508881269.068677,358876.0,371123.0
1508881274.783028,358876.0,371123.0
1508881280.470321,358876.0,371123.0
1508881286.15808,358876.0,371123.0
1508881291.852473,358876.0,371123.0
1508881297.532522,358876.0,371123.0
1508881303.221106,358876.0,371123.0
1508881309.473822,358876.0,371123.0
1508881315.522966,358876.0,371123.0
1508881321.218776,358876.0,371123.0
1508881326.906758,358876.0,371123.0
1508881332.62836,358876.0,371123.0
1508881338.315787,358876.0,371123.0
1508881344.009234,358876.0,371123.0
1508881349.699619,358876.0,371123.0
1508881355.387957,358876.0,371123.0
1508881361.092536,358876.0,371123.0
1508881366.773083,358876.0,371123.0
1508881372.468248,358876.0,371123.0
1508881378.14755,358876.0,371123.0
1508881383.835166,358876.0,371123.0
1508881389.535639,358876.0,371123.0
1508881395.218221,358876.0,371123.0
1508881400.914272,358876.0,371123.0
1508881406.594814,358876.0,371123.0
1508881412.283408,358876.0,371123.0
1508881417.962006,358876.0,371123.0
1508881423.666757,358876.0,371123.0
1508881429.347093,358876.0,371123.0
1508881435.023553,358876.0,371123.0
1508881440.706214,358876.0,371123.0
1508881446.402357,358876.0,371123.0
1508881452.081351,359892.0,372173.0
1508881457.753054,359892.0,372173.0
1508881463.438577,359892.0,372173.0
1508881469.127252,359892.0,372173.0
1508881474.806384,359892.0,372173.0
1508881480.504665,359892.0,372173.0
1508881486.183194,359892.0,372173.0
1508881491.871074,359892.0,372173.0
1508881497.575837,359892.0,372173.0
1508881503.271348,359892.0,372173.0
1508881508.969858,359892.0,372173.0
1508881514.676254,359892.0,372173.0
1508881520.443954,359892.0,372173.0
1508881526.139491,359892.0,372173.0
1508881531.827512,359892.0,372173.0
1508881537.516545,359892.0,372173.0
1508881543.187313,359892.0,372173.0
1508881548.96519,359892.0,372173.0
1508881554.63855,359892.0,372173.0
1508881560.308165,359892.0,372173.0
1508881565.980893,359892.0,372173.0
1508881571.675952,359892.0,372173.0
1508881577.370207,359892.0,372173.0
1508881583.067692,359892.0,372173.0
1508881588.743023,359892.0,372173.0
1508881595.563258,359892.0,372173.0
1508881601.240073,359892.0,372173.0
1508881606.931863,359892.0,372173.0
1508881612.617966,359892.0,372173.0
1508881618.771147,359892.0,372173.0
1508881624.452967,359892.0,372173.0
1508881630.130131,359892.0,372173.0
1508881635.812048,359892.0,372173.0
1508881641.490788,359892.0,372173.0
1508881647.186244,359892.0,372173.0
1508881652.875682,359892.0,372173.0
1508881658.563438,359892.0,372173.0
1508881664.239252,359892.0,372173.0
1508881669.999624,359892.0,372173.0
1508881675.685652,359892.0,372173.0
1508881681.48695,359892.0,372173.0
1508881687.177214,359892.0,372173.0
1508881692.865236,359892.0,372173.0
1508881698.545498,359892.0,372173.0
1508881704.223452,359892.0,372173.0
1508881709.89676,359892.0,372173.0
1508881715.583501,359892.0,372173.0
1508881721.285585,359892.0,372173.0
1508881726.960974,359892.0,372173.0
1508881732.647284,359892.0,372173.0
1508881738.333598,359892.0,372173.0
1508881744.022462,359892.0,372173.0
1508881749.703105,359892.0,372173.0
1508881755.381608,359892.0,372173.0
1508881761.053015,359892.0,372173.0
1508881766.741468,359892.0,372173.0
1508881772.42807,359892.0,372173.0
1508881778.12406,359892.0,372173.0
1508881783.813658,359892.0,372173.0
1508881789.514805,359892.0,372173.0
1508881795.197036,359892.0,372173.0
1508881800.877421,359892.0,372173.0
1508881806.555321,359892.0,372173.0
1508881812.244271,359892.0,372173.0
1508881817.942039,359892.0,372173.0
1508881823.619772,359892.0,372173.0
1508881829.390893,359892.0,372173.0
1508881835.077044,359892.0,372173.0
1508881840.759249,359892.0,372173.0
1508881846.438721,359892.0,372173.0
1508881852.125819,359892.0,372173.0
1508881857.806185,359892.0,372173.0
1508881863.494087,359892.0,372173.0
1508881869.181839,359892.0,372173.0
1508881874.869691,359892.0,372173.0
1508881880.556602,359892.0,372173.0
1508881886.260143,359892.0,372173.0
1508881891.948632,359892.0,372173.0
1508881898.205131,359892.0,372173.0
1508881903.899392,359892.0,372173.0
1508881909.589843,359892.0,372173.0
1508881915.274624,359892.0,372173.0
1508881921.355024,359892.0,372173.0
1508881927.03603,359892.0,372173.0
1508881932.714512,359892.0,372173.0
1508881938.403931,359892.0,372173.0
1508881944.091706,359892.0,372173.0
1508881949.79624,359892.0,372173.0
1508881955.473983,359892.0,372173.0
1508881961.163015,359892.0,372173.0
1508881966.850717,359892.0,372173.0
1508881972.531148,359892.0,372173.0
1508881978.225291,359892.0,372173.0
1508881983.947226,359892.0,372173.0
1508881989.628111,359892.0,372173.0
1508881995.316109,359892.0,372173.0
1508882001.013548,359892.0,372173.0
1508882006.691791,359892.0,372173.0
1508882012.435808,359892.0,372173.0
1508882018.125032,359892.0,372173.0
1508882023.81333,359892.0,372173.0
1508882029.508667,359892.0,372173.0
1508882035.188517,359892.0,372173.0
1508882040.993638,359892.0,372173.0
1508882046.673755,359892.0,372173.0
1508882052.353093,358347.0,370576.0
1508882058.02486,358347.0,370576.0
1508882063.710063,358347.0,370576.0
1508882069.397862,358347.0,370576.0
1508882075.079504,358347.0,370576.0
1508882080.799267,358347.0,370576.0
1508882086.555932,358347.0,370576.0
1508882092.236936,358347.0,370576.0
1508882097.905479,358347.0,370576.0
1508882103.584367,358347.0,370576.0
1508882109.323676,358347.0,370576.0
1508882115.026765,358347.0,370576.0
1508882120.706429,358347.0,370576.0
1508882126.391398,358347.0,370576.0
1508882132.082871,358347.0,370576.0
1508882137.803992,358347.0,370576.0
1508882143.490779,358347.0,370576.0
1508882149.172241,358347.0,370576.0
1508882154.851096,358347.0,370576.0
1508882160.539786,358347.0,370576.0
1508882166.21925,358347.0,370576.0
1508882171.907096,358347.0,370576.0
1508882177.594996,358347.0,370576.0
1508882183.272534,358347.0,370576.0
1508882188.954075,358347.0,370576.0
1508882194.64193,358347.0,370576.0
1508882200.870052,358347.0,370576.0
1508882206.549603,358347.0,370576.0
1508882212.228466,358347.0,370576.0
1508882218.002059,358347.0,370576.0
1508882224.032105,358347.0,370576.0
1508882229.73509,358347.0,370576.0
1508882235.431026,358347.0,370576.0
1508882241.11798,358347.0,370576.0
1508882246.808053,358347.0,370576.0
1508882252.519921,358347.0,370576.0
1508882258.225476,358347.0,370576.0
1508882263.897163,358347.0,370576.0
1508882269.575958,358347.0,370576.0
1508882275.256335,358347.0,370576.0
1508882281.476556,358347.0,370576.0
1508882287.172294,358347.0,370576.0
1508882292.844624,358347.0,370576.0
1508882298.524974,358347.0,370576.0
1508882304.196112,358347.0,370576.0
1508882309.877897,358347.0,370576.0
1508882315.561555,358347.0,370576.0
1508882321.25069,358347.0,370576.0
1508882326.931042,358347.0,370576.0
1508882332.642263,358347.0,370576.0
1508882338.321886,358347.0,370576.0
1508882344.019291,358347.0,370576.0
1508882349.705158,357644.0,369849.0
1508882355.603965,357644.0,369849.0
1508882361.291825,357644.0,369849.0
1508882366.970591,357644.0,369849.0
1508882372.654829,357644.0,369849.0
1508882378.329525,357644.0,369849.0
1508882384.018981,357644.0,369849.0
1508882389.721929,357644.0,369849.0
1508882395.419221,357644.0,369849.0
1508882401.107025,357644.0,369849.0
1508882406.778255,357644.0,369849.0
1508882412.996732,357644.0,369849.0
1508882418.686879,357644.0,369849.0
1508882424.366525,357644.0,369849.0
1508882430.046765,357644.0,369849.0
1508882435.731607,357644.0,369849.0
1508882441.412483,357644.0,369849.0
1508882447.120133,357644.0,369849.0
1508882452.800464,357644.0,369849.0
1508882458.50273,357644.0,369849.0
1508882464.19457,357644.0,369849.0
1508882469.903133,357644.0,369849.0
1508882475.574347,357644.0,369849.0
1508882481.26252,357644.0,369849.0
1508882486.950614,357644.0,369849.0
1508882492.663532,357644.0,369849.0
1508882498.344642,357644.0,369849.0
1508882504.588735,357644.0,369849.0
1508882510.300972,357644.0,369849.0
1508882515.989541,357644.0,369849.0
1508882521.678026,357644.0,369849.0
1508882527.348663,357644.0,369849.0
1508882533.021529,357644.0,369849.0
1508882538.714956,357644.0,369849.0
1508882544.419285,357644.0,369849.0
1508882550.092713,357644.0,369849.0
1508882555.811065,357644.0,369849.0
1508882561.485164,357644.0,369849.0
1508882567.173053,357644.0,369849.0
1508882573.103976,357644.0,369849.0
1508882578.780547,357644.0,369849.0
1508882584.468689,357644.0,369849.0
1508882590.149424,357644.0,369849.0
1508882595.8385,357644.0,369849.0
1508882601.523433,357644.0,369849.0
1508882607.22008,357644.0,369849.0
1508882612.907928,357644.0,369849.0
1508882618.605093,357644.0,369849.0
1508882624.283702,357644.0,369849.0
1508882629.97161,357644.0,369849.0
1508882635.644343,357644.0,369849.0
1508882641.332281,357644.0,369849.0
1508882647.011728,357644.0,369849.0
1508882652.691353,357475.0,369674.0
1508882658.370224,357475.0,369674.0
1508882664.048743,357475.0,369674.0
1508882669.731984,357475.0,369674.0
1508882675.418665,357475.0,369674.0
1508882681.099065,357475.0,369674.0
1508882686.794377,357475.0,369674.0
1508882692.473002,357475.0,369674.0
1508882698.169132,357475.0,369674.0
1508882703.890052,357475.0,369674.0
1508882709.578373,357475.0,369674.0
1508882715.257969,357475.0,369674.0
1508882720.945947,357475.0,369674.0
1508882726.624712,357475.0,369674.0
1508882732.303476,357475.0,369674.0
1508882738.019122,357475.0,369674.0
1508882743.70205,357475.0,369674.0
1508882749.383845,357475.0,369674.0
1508882755.064071,357475.0,369674.0
1508882760.742821,357475.0,369674.0
1508882766.421719,357475.0,369674.0
1508882772.103542,357475.0,369674.0
1508882777.79134,357475.0,369674.0
1508882783.470624,357475.0,369674.0
1508882789.158444,357475.0,369674.0
1508882794.83818,357475.0,369674.0
1508882800.511636,357475.0,369674.0
1508882806.755894,357475.0,369674.0
1508882812.435691,357475.0,369674.0
1508882818.10689,357475.0,369674.0
1508882823.784663,357475.0,369674.0
1508882829.47339,357475.0,369674.0
1508882835.179587,357475.0,369674.0
1508882840.874678,357475.0,369674.0
1508882846.554293,357475.0,369674.0
1508882852.234063,357475.0,369674.0
1508882857.915193,357475.0,369674.0
1508882863.60838,357475.0,369674.0
1508882869.294063,357475.0,369674.0
1508882874.98286,357475.0,369674.0
1508882880.655281,357475.0,369674.0
1508882886.353872,357475.0,369674.0
1508882892.057471,357475.0,369674.0
1508882897.7519,357475.0,369674.0
1508882903.432535,357475.0,369674.0
1508882909.111403,357475.0,369674.0
1508882914.802114,357475.0,369674.0
1508882920.475272,357475.0,369674.0
1508882926.297539,357475.0,369674.0
1508882931.996403,357475.0,369674.0
1508882937.669143,357475.0,369674.0
1508882943.352383,357475.0,369674.0
1508882949.326492,357475.0,369674.0
1508882955.072292,356134.0,368287.0
1508882960.754226,356134.0,368287.0
1508882966.43942,356134.0,368287.0
1508882972.120909,356134.0,368287.0
1508882977.806041,356134.0,368287.0
1508882983.479888,356134.0,368287.0
1508882989.191452,356134.0,368287.0
1508882994.878595,356134.0,368287.0
1508883000.559632,356134.0,368287.0
1508883006.238413,356134.0,368287.0
1508883011.938368,356134.0,368287.0
1508883017.616335,356134.0,368287.0
1508883023.469449,356134.0,368287.0
1508883029.14219,356134.0,368287.0
1508883034.837379,356134.0,368287.0
1508883040.509,356134.0,368287.0
1508883046.180347,356134.0,368287.0
1508883051.85949,356134.0,368287.0
1508883057.539576,356134.0,368287.0
1508883063.21614,356134.0,368287.0
1508883068.898149,356134.0,368287.0
1508883074.585993,356134.0,368287.0
1508883080.263638,356134.0,368287.0
1508883085.995849,356134.0,368287.0
1508883091.681625,356134.0,368287.0
1508883097.371365,356134.0,368287.0
1508883103.068001,356134.0,368287.0
1508883109.296033,356134.0,368287.0
1508883114.983524,356134.0,368287.0
1508883121.149097,356134.0,368287.0
1508883127.856824,356134.0,368287.0
1508883133.542327,356134.0,368287.0
1508883139.244761,356134.0,368287.0
1508883144.923913,356134.0,368287.0
1508883150.604359,356134.0,368287.0
1508883156.352681,356134.0,368287.0
1508883162.072601,356134.0,368287.0
1508883167.769682,356134.0,368287.0
1508883173.474302,356134.0,368287.0
1508883179.181546,356134.0,368287.0
1508883184.890655,356134.0,368287.0
1508883190.569166,356134.0,368287.0
1508883196.259083,356134.0,368287.0
1508883201.947027,356134.0,368287.0
1508883207.642976,356134.0,368287.0
1508883213.330744,356134.0,368287.0
1508883219.018132,356134.0,368287.0
1508883224.70852,356134.0,368287.0
1508883230.388518,356134.0,368287.0
1508883236.115726,356134.0,368287.0
1508883241.852246,356134.0,368287.0
1508883247.54989,356134.0,368287.0
1508883253.245465,359684.0,371959.0
1508883258.933332,359684.0,371959.0
1508883264.605274,359684.0,371959.0
1508883270.290316,359684.0,371959.0
1508883275.980525,359684.0,371959.0
1508883281.708735,359684.0,371959.0
1508883287.403422,359684.0,371959.0
1508883293.094433,359684.0,371959.0
1508883298.774337,359684.0,371959.0
1508883304.478893,359684.0,371959.0
1508883310.166772,359684.0,371959.0
1508883315.844025,359684.0,371959.0
1508883321.539426,359684.0,371959.0
1508883327.221598,359684.0,371959.0
1508883332.90587,359684.0,371959.0
1508883338.594616,359684.0,371959.0
1508883344.331705,359684.0,371959.0
1508883350.038179,359684.0,371959.0
1508883355.719777,359684.0,371959.0
1508883361.407762,359684.0,371959.0
1508883367.095659,359684.0,371959.0
1508883372.829607,359684.0,371959.0
1508883378.512146,359684.0,371959.0
1508883384.192585,359684.0,371959.0
1508883389.870727,359684.0,371959.0
1508883396.760221,359684.0,371959.0
1508883402.447033,359684.0,371959.0
1508883408.137549,359684.0,371959.0
1508883413.822705,359684.0,371959.0
1508883419.511489,359684.0,371959.0
1508883425.200295,359684.0,371959.0
1508883430.904049,359684.0,371959.0
1508883436.591394,359684.0,371959.0
1508883442.268813,359684.0,371959.0
1508883447.951264,359684.0,371959.0
1508883453.679881,359684.0,371959.0
1508883459.402675,359684.0,371959.0
1508883465.081421,359684.0,371959.0
1508883470.767448,359684.0,371959.0
1508883476.449547,359684.0,371959.0
1508883482.160661,359684.0,371959.0
1508883487.844628,359684.0,371959.0
1508883493.531872,359684.0,371959.0
1508883499.22605,359684.0,371959.0
1508883504.919695,359684.0,371959.0
1508883510.669554,359684.0,371959.0
1508883516.348194,359684.0,371959.0
1508883522.051196,359684.0,371959.0
1508883527.72814,359684.0,371959.0
1508883533.411825,359684.0,371959.0
1508883539.099656,359684.0,371959.0
1508883545.187897,359684.0,371959.0
1508883550.886607,358011.0,370229.0
1508883556.83722,358011.0,370229.0
1508883562.520815,358011.0,370229.0
1508883568.212708,358011.0,370229.0
1508883573.902029,358011.0,370229.0
1508883579.591639,358011.0,370229.0
1508883585.28493,358011.0,370229.0
1508883590.980336,358011.0,370229.0
1508883596.671781,358011.0,370229.0
1508883602.350315,358011.0,370229.0
1508883608.04429,358011.0,370229.0
1508883613.733262,358011.0,370229.0
1508883619.428996,358011.0,370229.0
1508883625.125615,358011.0,370229.0
1508883630.863994,358011.0,370229.0
1508883636.560903,358011.0,370229.0
1508883642.248749,358011.0,370229.0
1508883647.948861,358011.0,370229.0
1508883653.63221,358011.0,370229.0
1508883659.310897,358011.0,370229.0
1508883665.008544,358011.0,370229.0
1508883670.69631,358011.0,370229.0
1508883676.383539,358011.0,370229.0
1508883682.088457,358011.0,370229.0
1508883687.759266,358011.0,370229.0
1508883693.50645,358011.0,370229.0
1508883699.778127,358011.0,370229.0
1508883705.465863,358011.0,370229.0
1508883711.161195,358011.0,370229.0
1508883716.858333,358011.0,370229.0
1508883722.562989,358011.0,370229.0
1508883728.249124,358011.0,370229.0
1508883733.929496,358011.0,370229.0
1508883739.643248,358011.0,370229.0
1508883745.320866,358011.0,370229.0
1508883751.010016,358011.0,370229.0
1508883756.70042,358011.0,370229.0
1508883762.409888,358011.0,370229.0
1508883768.089335,358011.0,370229.0
1508883773.839379,358011.0,370229.0
1508883779.532697,358011.0,370229.0
1508883785.221312,358011.0,370229.0
1508883790.917526,358011.0,370229.0
1508883796.597918,358011.0,370229.0
1508883802.277867,358011.0,370229.0
1508883807.956138,358011.0,370229.0
1508883813.64,358011.0,370229.0
1508883819.331294,358011.0,370229.0
1508883825.020902,358011.0,370229.0
1508883830.699324,358011.0,370229.0
1508883836.377909,358011.0,370229.0
1508883842.173657,358011.0,370229.0
1508883847.870424,358011.0,370229.0
1508883853.575881,358283.0,370510.0
1508883859.255649,358283.0,370510.0
1508883864.9829,358283.0,370510.0
1508883870.672145,358283.0,370510.0
1508883876.360692,358283.0,370510.0
1508883882.040511,358283.0,370510.0
1508883887.728259,358283.0,370510.0
1508883893.421485,358283.0,370510.0
1508883899.117505,358283.0,370510.0
1508883904.81055,358283.0,370510.0
1508883910.503954,358283.0,370510.0
1508883916.201003,358283.0,370510.0
1508883921.883794,358283.0,370510.0
1508883927.567615,358283.0,370510.0
1508883933.251394,358283.0,370510.0
1508883938.927983,358283.0,370510.0
1508883944.621707,358283.0,370510.0
1508883950.328365,358283.0,370510.0
1508883956.041078,358283.0,370510.0
1508883961.720675,358283.0,370510.0
1508883967.407211,358283.0,370510.0
1508883973.096564,358283.0,370510.0
1508883978.775148,358283.0,370510.0
1508883984.455628,358283.0,370510.0
1508883990.134669,358283.0,370510.0
1508883995.821457,358283.0,370510.0
1508884002.061029,358283.0,370510.0
1508884007.740913,358283.0,370510.0
1508884013.427718,358283.0,370510.0
1508884019.1075,358283.0,370510.0
1508884024.816263,358283.0,370510.0
1508884030.533705,358283.0,370510.0
1508884036.612564,358283.0,370510.0
1508884042.294104,358283.0,370510.0
1508884047.997145,358283.0,370510.0
1508884053.677599,358283.0,370510.0
1508884059.381696,358283.0,370510.0
1508884065.05929,358283.0,370510.0
1508884070.741233,358283.0,370510.0
1508884076.429046,358283.0,370510.0
1508884082.115974,358283.0,370510.0
1508884087.792786,358283.0,370510.0
1508884093.474689,358283.0,370510.0
1508884099.170931,358283.0,370510.0
1508884104.850989,358283.0,370510.0
1508884110.53047,358283.0,370510.0
1508884116.21834,358283.0,370510.0
1508884121.898738,358283.0,370510.0
1508884127.584892,358283.0,370510.0
1508884133.26631,358283.0,370510.0
1508884138.951189,358283.0,370510.0
1508884144.635033,358283.0,370510.0
1508884150.312499,358283.0,370510.0
1508884156.006882,358755.0,370998.0
1508884161.673325,358755.0,370998.0
1508884167.359387,358755.0,370998.0
1508884173.047502,358755.0,370998.0
1508884178.731982,358755.0,370998.0
1508884184.413903,358755.0,370998.0
1508884190.095967,358755.0,370998.0
1508884195.782234,358755.0,370998.0
1508884201.462329,358755.0,370998.0
1508884207.171175,358755.0,370998.0
1508884212.854829,358755.0,370998.0
1508884218.548668,358755.0,370998.0
1508884224.230677,358755.0,370998.0
1508884229.910117,358755.0,370998.0
1508884235.598621,358755.0,370998.0
1508884241.285811,358755.0,370998.0
1508884247.023003,358755.0,370998.0
1508884252.701794,358755.0,370998.0
1508884258.385027,358755.0,370998.0
1508884264.062394,358755.0,370998.0
1508884269.752047,358755.0,370998.0
1508884275.45277,358755.0,370998.0
1508884281.133494,358755.0,370998.0
1508884286.812412,358755.0,370998.0
1508884292.492473,358755.0,370998.0
1508884298.164561,358755.0,370998.0
1508884304.41861,358755.0,370998.0
1508884310.101001,358755.0,370998.0
1508884315.776392,358755.0,370998.0
1508884321.474948,358755.0,370998.0
1508884327.153654,358755.0,370998.0
1508884332.83222,358755.0,370998.0
1508884338.861783,358755.0,370998.0
1508884344.563492,358755.0,370998.0
1508884350.263181,358755.0,370998.0
1508884355.949499,358755.0,370998.0
1508884361.634831,358755.0,370998.0
1508884367.329699,358755.0,370998.0
1508884373.016263,358755.0,370998.0
1508884378.694058,358755.0,370998.0
1508884384.497788,358755.0,370998.0
1508884390.179877,358755.0,370998.0
1508884395.878865,358755.0,370998.0
1508884401.560879,358755.0,370998.0
1508884407.245957,358755.0,370998.0
1508884412.924675,358755.0,370998.0
1508884418.604699,358755.0,370998.0
1508884424.288972,358755.0,370998.0
1508884430.035889,358755.0,370998.0
1508884435.723774,358755.0,370998.0
1508884441.404082,358755.0,370998.0
1508884447.197559,358755.0,370998.0
1508884452.880001,358755.0,370998.0
1508884458.567894,359058.0,371311.0
1508884464.471068,359058.0,371311.0
1508884470.150194,359058.0,371311.0
1508884475.838018,359058.0,371311.0
1508884481.519562,359058.0,371311.0
1508884487.204843,359058.0,371311.0
1508884492.886796,359058.0,371311.0
1508884498.572786,359058.0,371311.0
1508884504.254532,359058.0,371311.0
1508884509.930978,359058.0,371311.0
1508884515.61041,359058.0,371311.0
1508884521.293688,359058.0,371311.0
1508884526.972555,359058.0,371311.0
1508884532.650935,359058.0,371311.0
1508884538.331566,359058.0,371311.0
1508884544.019578,359058.0,371311.0
1508884549.707435,359058.0,371311.0
1508884555.395307,359058.0,371311.0
1508884561.081976,359058.0,371311.0
1508884566.778557,359058.0,371311.0
1508884572.458939,359058.0,371311.0
1508884578.141901,359058.0,371311.0
1508884583.834208,359058.0,371311.0
1508884589.547508,359058.0,371311.0
1508884595.223241,359058.0,371311.0
1508884600.900544,359058.0,371311.0
1508884607.125832,359058.0,371311.0
1508884612.815256,359058.0,371311.0
1508884618.493938,359058.0,371311.0
1508884624.174873,359058.0,371311.0
1508884629.888149,359058.0,371311.0
1508884635.565433,359058.0,371311.0
1508884641.712561,359058.0,371311.0
1508884647.402043,359058.0,371311.0
1508884653.080992,359058.0,371311.0
1508884658.80129,359058.0,371311.0
1508884664.475242,359058.0,371311.0
1508884670.144523,359058.0,371311.0
1508884675.848045,359058.0,371311.0
1508884681.518741,359058.0,371311.0
1508884687.607352,359058.0,371311.0
1508884693.292585,359058.0,371311.0
1508884698.976718,359058.0,371311.0
1508884704.664547,359058.0,371311.0
1508884710.344694,359058.0,371311.0
1508884716.038822,359058.0,371311.0
1508884721.718324,359058.0,371311.0
1508884727.396355,359058.0,371311.0
1508884733.074979,359058.0,371311.0
1508884738.758561,359058.0,371311.0
1508884744.437034,359058.0,371311.0
1508884750.134297,359058.0,371311.0
1508884755.805492,359058.0,371311.0
1508884761.484034,359424.0,371690.0
1508884767.35542,359424.0,371690.0
1508884773.040181,359424.0,371690.0
1508884778.722287,359424.0,371690.0
1508884784.402518,359424.0,371690.0
1508884790.09069,359424.0,371690.0
1508884795.820804,359424.0,371690.0
1508884801.525356,359424.0,371690.0
1508884807.21321,359424.0,371690.0
1508884812.926017,359424.0,371690.0
1508884818.607073,359424.0,371690.0
1508884824.284488,359424.0,371690.0
1508884829.95431,359424.0,371690.0
1508884835.639136,359424.0,371690.0
1508884841.317249,359424.0,371690.0
1508884847.007123,359424.0,371690.0
1508884852.685951,359424.0,371690.0
1508884858.384203,359424.0,371690.0
1508884864.058728,359424.0,371690.0
1508884869.737572,359424.0,371690.0
1508884875.42415,359424.0,371690.0
1508884881.105015,359424.0,371690.0
1508884886.79341,359424.0,371690.0
1508884892.47102,359424.0,371690.0
1508884898.159002,359424.0,371690.0
1508884903.839855,359424.0,371690.0
1508884910.107636,359424.0,371690.0
1508884915.78357,359424.0,371690.0
1508884921.478956,359424.0,371690.0
1508884927.173826,359424.0,371690.0
1508884932.854944,359424.0,371690.0
1508884938.549911,359424.0,371690.0
1508884944.531328,359424.0,371690.0
1508884950.209316,359424.0,371690.0
1508884955.888854,359424.0,371690.0
1508884961.574228,359424.0,371690.0
1508884967.274512,359424.0,371690.0
1508884972.948489,359424.0,371690.0
1508884978.758293,359424.0,371690.0
1508884984.738484,359424.0,371690.0
1508884990.417247,359424.0,371690.0
1508884996.103848,359424.0,371690.0
1508885001.785422,359424.0,371690.0
1508885007.480845,359424.0,371690.0
1508885013.168802,359424.0,371690.0
1508885018.856881,359424.0,371690.0
1508885024.550452,359424.0,371690.0
1508885030.234858,359424.0,371690.0
1508885035.912687,359424.0,371690.0
1508885041.700623,359424.0,371690.0
1508885047.388515,359424.0,371690.0
1508885053.073226,359424.0,371690.0
1508885058.76437,359424.0,371690.0
1508885064.443625,359424.0,371690.0
1508885070.206721,359424.0,371690.0
1508885075.894619,359424.0,371690.0
1508885081.582459,359424.0,371690.0
1508885087.262443,359424.0,371690.0
1508885092.949043,359424.0,371690.0
1508885098.62952,359424.0,371690.0
1508885104.317428,359424.0,371690.0
1508885109.994663,359424.0,371690.0
1508885115.680677,359424.0,371690.0
1508885121.35391,359424.0,371690.0
1508885127.031214,359424.0,371690.0
1508885132.723282,359424.0,371690.0
1508885138.394649,359424.0,371690.0
1508885144.065782,359424.0,371690.0
1508885149.741266,359424.0,371690.0
1508885155.417285,359424.0,371690.0
1508885161.112764,359424.0,371690.0
1508885166.808858,359424.0,371690.0
1508885172.494162,359424.0,371690.0
1508885178.191671,359424.0,371690.0
1508885183.896181,359424.0,371690.0
1508885189.568837,359424.0,371690.0
1508885196.249877,359424.0,371690.0
1508885201.936454,359424.0,371690.0
1508885207.625972,359424.0,371690.0
1508885213.368054,359424.0,371690.0
1508885219.049959,359424.0,371690.0
1508885224.74213,359424.0,371690.0
1508885230.417193,359424.0,371690.0
1508885236.122723,359424.0,371690.0
1508885241.801713,359424.0,371690.0
1508885247.488266,359424.0,371690.0
1508885253.172802,359424.0,371690.0
1508885258.865008,359424.0,371690.0
1508885264.555724,359424.0,371690.0
1508885270.241139,359424.0,371690.0
1508885275.911881,359424.0,371690.0
1508885281.95771,359424.0,371690.0
1508885287.630516,359424.0,371690.0
1508885293.30835,359424.0,371690.0
1508885298.994145,359424.0,371690.0
1508885304.677563,359424.0,371690.0
1508885310.365308,359424.0,371690.0
1508885316.053206,359424.0,371690.0
1508885321.723802,359424.0,371690.0
1508885327.402323,359424.0,371690.0
1508885333.107656,359424.0,371690.0
1508885338.78811,359424.0,371690.0
1508885344.467375,359424.0,371690.0
1508885350.382865,359424.0,371690.0
1508885356.071882,359424.0,371690.0
1508885361.747656,359424.0,371690.0
1508885367.43383,359419.0,371684.0
1508885373.193376,359419.0,371684.0
1508885378.878364,359419.0,371684.0
1508885384.557072,359419.0,371684.0
1508885390.236875,359419.0,371684.0
1508885395.908423,359419.0,371684.0
1508885401.606921,359419.0,371684.0
1508885407.292838,359419.0,371684.0
1508885412.96827,359419.0,371684.0
1508885418.658099,359419.0,371684.0
1508885424.347736,359419.0,371684.0
1508885430.037083,359419.0,371684.0
1508885435.715557,359419.0,371684.0
1508885441.403434,359419.0,371684.0
1508885447.088081,359419.0,371684.0
1508885452.768418,359419.0,371684.0
1508885458.446689,359419.0,371684.0
1508885464.155023,359419.0,371684.0
1508885469.884211,359419.0,371684.0
1508885475.555554,359419.0,371684.0
1508885481.235329,359419.0,371684.0
1508885486.913782,359419.0,371684.0
1508885492.594327,359419.0,371684.0
1508885498.832731,359419.0,371684.0
1508885504.54694,359419.0,371684.0
1508885510.241849,359419.0,371684.0
1508885515.929682,359419.0,371684.0
1508885521.61725,359419.0,371684.0
1508885527.296536,359419.0,371684.0
1508885533.049414,359419.0,371684.0
1508885538.726572,359419.0,371684.0
1508885544.402488,359419.0,371684.0
1508885550.878395,359419.0,371684.0
1508885556.561457,359419.0,371684.0
1508885562.250087,359419.0,371684.0
1508885567.945449,359419.0,371684.0
1508885573.624376,359419.0,371684.0
1508885579.329425,359419.0,371684.0
1508885585.018231,359419.0,371684.0
1508885590.698452,359419.0,371684.0
1508885596.368369,359419.0,371684.0
1508885602.064128,359419.0,371684.0
1508885607.76223,359419.0,371684.0
1508885613.457715,359419.0,371684.0
1508885619.167656,359419.0,371684.0
1508885624.853453,359419.0,371684.0
1508885630.528107,359419.0,371684.0
1508885636.20424,359419.0,371684.0
1508885642.138511,359419.0,371684.0
1508885647.809172,359419.0,371684.0
1508885653.48783,359419.0,371684.0
1508885659.167371,359419.0,371684.0
1508885664.863846,359419.0,371684.0
1508885670.555486,360035.0,372322.0
1508885676.682365,360035.0,372322.0
1508885682.353925,360035.0,372322.0
1508885688.043299,360035.0,372322.0
1508885693.738548,360035.0,372322.0
1508885699.409812,360035.0,372322.0
1508885705.087875,360035.0,372322.0
1508885710.761765,360035.0,372322.0
1508885716.438576,360035.0,372322.0
1508885722.128481,360035.0,372322.0
1508885727.807298,360035.0,372322.0
1508885733.487058,360035.0,372322.0
1508885739.158207,360035.0,372322.0
1508885744.846054,360035.0,372322.0
1508885750.524833,360035.0,372322.0
1508885756.221786,360035.0,372322.0
1508885761.918689,360035.0,372322.0
1508885767.602072,360035.0,372322.0
1508885773.292819,360035.0,372322.0
1508885778.980754,360035.0,372322.0
1508885784.667224,360035.0,372322.0
1508885790.357154,360035.0,372322.0
1508885796.02907,360035.0,372322.0
1508885802.265436,360035.0,372322.0
1508885807.953994,360035.0,372322.0
1508885813.651126,360035.0,372322.0
1508885819.355673,360035.0,372322.0
1508885825.051362,360035.0,372322.0
1508885830.71467,360035.0,372322.0
1508885836.391072,360035.0,372322.0
1508885842.083475,360035.0,372322.0
1508885847.769036,360035.0,372322.0
1508885853.899898,360035.0,372322.0
1508885859.573702,360035.0,372322.0
1508885865.259073,360035.0,372322.0
1508885870.938317,360035.0,372322.0
1508885876.624315,360035.0,372322.0
1508885882.305869,360035.0,372322.0
1508885887.990811,360035.0,372322.0
1508885893.675809,360035.0,372322.0
1508885899.369579,360035.0,372322.0
1508885905.048325,360035.0,372322.0
1508885910.728644,360035.0,372322.0
1508885916.407336,360035.0,372322.0
1508885922.111792,360035.0,372322.0
1508885927.792258,360035.0,372322.0
1508885933.480254,360035.0,372322.0
1508885939.164697,360035.0,372322.0
1508885944.845587,360035.0,372322.0
1508885950.659349,360035.0,372322.0
1508885956.338076,360035.0,372322.0
1508885962.034816,360035.0,372322.0
1508885967.715132,360035.0,372322.0
1508885973.393846,359632.0,371905.0
1508885979.083361,359632.0,371905.0
1508885984.787906,359632.0,371905.0
1508885990.465042,359632.0,371905.0
1508885996.152974,359632.0,371905.0
1508886001.834849,359632.0,371905.0
1508886007.505945,359632.0,371905.0
1508886013.185322,359632.0,371905.0
1508886018.863528,359632.0,371905.0
1508886024.544483,359632.0,371905.0
1508886030.214906,359632.0,371905.0
1508886035.903391,359632.0,371905.0
1508886041.581668,359632.0,371905.0
1508886047.262139,359632.0,371905.0
1508886052.950275,359632.0,371905.0
1508886058.628751,359632.0,371905.0
1508886064.328023,359632.0,371905.0
1508886070.015316,359632.0,371905.0
1508886075.710554,359632.0,371905.0
1508886081.45599,359632.0,371905.0
1508886087.152952,359632.0,371905.0
1508886092.840877,359632.0,371905.0
1508886098.528672,359632.0,371905.0
1508886104.783817,359632.0,371905.0
1508886110.464213,359632.0,371905.0
1508886116.148942,359632.0,371905.0
1508886121.828086,359632.0,371905.0
1508886127.510981,359632.0,371905.0
1508886133.183204,359632.0,371905.0
1508886138.862563,359632.0,371905.0
1508886144.565617,359632.0,371905.0
1508886150.243163,359632.0,371905.0
1508886156.130433,359632.0,371905.0
1508886161.821034,359632.0,371905.0
1508886167.517189,359632.0,371905.0
1508886173.198061,359632.0,371905.0
1508886178.908292,359632.0,371905.0
1508886184.588424,359632.0,371905.0
1508886190.285493,359632.0,371905.0
1508886195.967849,359632.0,371905.0
1508886201.65298,359632.0,371905.0
1508886207.332429,359632.0,371905.0
1508886213.018142,359632.0,371905.0
1508886218.712487,359632.0,371905.0
1508886224.388753,359632.0,371905.0
1508886230.067271,359632.0,371905.0
1508886235.755147,359632.0,371905.0
1508886241.533937,359632.0,371905.0
1508886247.240806,359632.0,371905.0
1508886252.924912,359632.0,371905.0
1508886258.605199,359632.0,371905.0
1508886264.294679,359632.0,371905.0
1508886270.040174,359632.0,371905.0
1508886275.718807,359567.0,371838.0
1508886281.483024,359567.0,371838.0
1508886287.169223,359567.0,371838.0
1508886292.843167,359567.0,371838.0
1508886298.530218,359567.0,371838.0
1508886304.209247,359567.0,371838.0
1508886309.897794,359567.0,371838.0
1508886315.597645,359567.0,371838.0
1508886321.272017,359567.0,371838.0
1508886326.944732,359567.0,371838.0
1508886332.640173,359567.0,371838.0
1508886338.327886,359567.0,371838.0
1508886344.014005,359567.0,371838.0
1508886349.706615,359567.0,371838.0
1508886355.384106,359567.0,371838.0
1508886361.068865,359567.0,371838.0
1508886366.767478,359567.0,371838.0
1508886372.472672,359567.0,371838.0
1508886378.167461,359567.0,371838.0
1508886383.848111,359567.0,371838.0
1508886389.528048,359567.0,371838.0
1508886395.199967,359567.0,371838.0
1508886400.896167,359567.0,371838.0
1508886407.142144,359567.0,371838.0
1508886412.837798,359567.0,371838.0
1508886418.51789,359567.0,371838.0
1508886424.19872,359567.0,371838.0
1508886429.87539,359567.0,371838.0
1508886435.563823,359567.0,371838.0
1508886441.240295,359567.0,371838.0
1508886446.92216,359567.0,371838.0
1508886452.603026,359567.0,371838.0
1508886458.639354,359567.0,371838.0
1508886464.32122,359567.0,371838.0
1508886470.009526,359567.0,371838.0
1508886475.696979,359567.0,371838.0
1508886481.374551,359567.0,371838.0
1508886487.071123,359567.0,371838.0
1508886492.742035,359567.0,371838.0
1508886498.423008,359567.0,371838.0
1508886504.109832,359567.0,371838.0
1508886509.792888,359567.0,371838.0
1508886515.477146,359567.0,371838.0
1508886521.157587,359567.0,371838.0
1508886526.854466,359567.0,371838.0
1508886532.525725,359567.0,371838.0
1508886538.230226,359567.0,371838.0
1508886543.918214,359567.0,371838.0
1508886549.606267,359567.0,371838.0
1508886555.293931,359567.0,371838.0
1508886560.964326,359567.0,371838.0
1508886566.660576,359567.0,371838.0
1508886572.342743,359567.0,371838.0
1508886578.021963,360494.0,372797.0
1508886583.768771,360494.0,372797.0
1508886589.447656,360494.0,372797.0
1508886595.125491,360494.0,372797.0
1508886600.812185,360494.0,372797.0
1508886606.492434,360494.0,372797.0
1508886612.187807,360494.0,372797.0
1508886617.900294,360494.0,372797.0
1508886623.589408,360494.0,372797.0
1508886629.28644,360494.0,372797.0
1508886635.040148,360494.0,372797.0
1508886640.714807,360494.0,372797.0
1508886646.404361,360494.0,372797.0
1508886652.088124,360494.0,372797.0
1508886657.783261,360494.0,372797.0
1508886663.463636,360494.0,372797.0
1508886669.157685,360494.0,372797.0
1508886674.836377,360494.0,372797.0
1508886680.527379,360494.0,372797.0
1508886686.206475,360494.0,372797.0
1508886691.886398,360494.0,372797.0
1508886697.565045,360494.0,372797.0
1508886703.238895,360494.0,372797.0
1508886709.483826,360494.0,372797.0
1508886715.17169,360494.0,372797.0
1508886720.865803,360494.0,372797.0
1508886726.551273,360494.0,372797.0
1508886732.235586,360494.0,372797.0
1508886737.914457,360494.0,372797.0
1508886743.609213,360494.0,372797.0
1508886749.2905,360494.0,372797.0
1508886754.960769,360494.0,372797.0
1508886760.814694,360494.0,372797.0
1508886766.487544,360494.0,372797.0
1508886772.165116,360494.0,372797.0
1508886777.847503,360494.0,372797.0
1508886784.0601,360494.0,372797.0
1508886789.737315,360494.0,372797.0
1508886795.419276,360494.0,372797.0
1508886801.109417,360494.0,372797.0
1508886806.802292,360494.0,372797.0
1508886812.488749,360494.0,372797.0
1508886818.165462,360494.0,372797.0
1508886823.848122,360494.0,372797.0
1508886829.531931,360494.0,372797.0
1508886835.217301,360494.0,372797.0
1508886840.896331,360494.0,372797.0
1508886846.593469,360494.0,372797.0
1508886852.271061,360494.0,372797.0
1508886857.985777,360494.0,372797.0
1508886863.665223,360494.0,372797.0
1508886869.360092,360494.0,372797.0
1508886875.05687,360494.0,372797.0
1508886880.737414,360607.0,372913.0
1508886886.749807,360607.0,372913.0
1508886892.458098,360607.0,372913.0
1508886898.159178,360607.0,372913.0
1508886903.847271,360607.0,372913.0
1508886909.527155,360607.0,372913.0
1508886915.222388,360607.0,372913.0
1508886920.913047,360607.0,372913.0
1508886926.614864,360607.0,372913.0
1508886932.29533,360607.0,372913.0
1508886937.983172,360607.0,372913.0
1508886943.671132,360607.0,372913.0
1508886949.359029,360607.0,372913.0
1508886955.03837,360607.0,372913.0
1508886960.724692,360607.0,372913.0
1508886966.413615,360607.0,372913.0
1508886972.113422,360607.0,372913.0
1508886977.889578,360607.0,372913.0
1508886983.575694,360607.0,372913.0
1508886989.27004,360607.0,372913.0
1508886996.103762,360607.0,372913.0
1508887001.857233,360607.0,372913.0
1508887007.531282,360607.0,372913.0
1508887013.226628,360607.0,372913.0
1508887018.920842,360607.0,372913.0
1508887024.610039,360607.0,372913.0
1508887030.290271,360607.0,372913.0
1508887035.976117,360607.0,372913.0
1508887041.655838,360607.0,372913.0
1508887047.352655,360607.0,372913.0
1508887053.032398,360607.0,372913.0
1508887058.715023,360607.0,372913.0
1508887064.405318,360607.0,372913.0
1508887070.088787,360607.0,372913.0
1508887075.768244,360607.0,372913.0
1508887081.447854,360607.0,372913.0
1508887087.129293,360607.0,372913.0
1508887092.806778,360607.0,372913.0
1508887098.488633,360607.0,372913.0
1508887104.182607,360607.0,372913.0
1508887109.861745,360607.0,372913.0
1508887115.534082,360607.0,372913.0
1508887121.226502,360607.0,372913.0
1508887126.9142,360607.0,372913.0
1508887132.588732,360607.0,372913.0
1508887138.300748,360607.0,372913.0
1508887144.132518,360607.0,372913.0
1508887149.83427,360607.0,372913.0
1508887155.514597,360607.0,372913.0
1508887161.194939,360607.0,372913.0
1508887166.893788,360607.0,372913.0
1508887172.59035,360607.0,372913.0
1508887178.272884,360607.0,372913.0
1508887183.94644,360347.0,372644.0
1508887189.715461,360347.0,372644.0
1508887195.40415,360347.0,372644.0
1508887201.084235,360347.0,372644.0
1508887206.772128,360347.0,372644.0
1508887212.454966,360347.0,372644.0
1508887218.149116,360347.0,372644.0
1508887223.827702,360347.0,372644.0
1508887229.507029,360347.0,372644.0
1508887235.186137,360347.0,372644.0
1508887240.866429,360347.0,372644.0
1508887246.563227,360347.0,372644.0
1508887252.24212,360347.0,372644.0
1508887257.929838,360347.0,372644.0
1508887263.610042,360347.0,372644.0
1508887269.30535,360347.0,372644.0
1508887274.993651,360347.0,372644.0
1508887280.673847,360347.0,372644.0
1508887286.352159,360347.0,372644.0
1508887292.04122,360347.0,372644.0
1508887298.321205,360347.0,372644.0
1508887304.009116,360347.0,372644.0
1508887309.688288,360347.0,372644.0
1508887315.368206,360347.0,372644.0
1508887321.054698,360347.0,372644.0
1508887326.76063,360347.0,372644.0
1508887332.439213,360347.0,372644.0
1508887338.126521,360347.0,372644.0
1508887343.813871,360347.0,372644.0
1508887349.519997,360347.0,372644.0
1508887355.198477,360347.0,372644.0
1508887360.883447,360347.0,372644.0
1508887366.666899,360347.0,372644.0
1508887372.405015,360347.0,372644.0
1508887378.075864,360347.0,372644.0
1508887384.223204,360347.0,372644.0
1508887389.903907,360347.0,372644.0
1508887395.60169,360347.0,372644.0
1508887401.268282,360347.0,372644.0
1508887406.960253,360347.0,372644.0
1508887412.65234,360347.0,372644.0
1508887418.341301,360347.0,372644.0
1508887424.029527,360347.0,372644.0
1508887429.717175,360347.0,372644.0
1508887435.393307,360347.0,372644.0
1508887441.092882,360347.0,372644.0
1508887446.780848,360347.0,372644.0
1508887452.477824,360347.0,372644.0
1508887458.15646,360347.0,372644.0
1508887463.853555,360347.0,372644.0
1508887469.541433,360347.0,372644.0
1508887475.227056,360347.0,372644.0
1508887480.917232,360347.0,372644.0
1508887486.603561,360650.0,372958.0
1508887492.349307,360650.0,372958.0
1508887498.031178,360650.0,372958.0
1508887503.717143,360650.0,372958.0
1508887509.40663,360650.0,372958.0
1508887515.111217,360650.0,372958.0
1508887520.801239,360650.0,372958.0
1508887526.479972,360650.0,372958.0
1508887532.190887,360650.0,372958.0
1508887537.885826,360650.0,372958.0
1508887543.567251,360650.0,372958.0
1508887549.24785,360650.0,372958.0
1508887554.993112,360650.0,372958.0
1508887560.670984,360650.0,372958.0
1508887566.3522,360650.0,372958.0
1508887572.039985,360650.0,372958.0
1508887577.719592,360650.0,372958.0
1508887583.389503,360650.0,372958.0
1508887589.061613,360650.0,372958.0
1508887594.741549,360650.0,372958.0
1508887600.996589,360650.0,372958.0
1508887606.674215,360650.0,372958.0
1508887612.363659,360650.0,372958.0
1508887618.051005,360650.0,372958.0
1508887623.744597,360650.0,372958.0
1508887629.425519,360650.0,372958.0
1508887635.123895,360650.0,372958.0
1508887640.815591,360650.0,372958.0
1508887646.498942,360650.0,372958.0
1508887652.186105,360650.0,372958.0
1508887657.867878,360650.0,372958.0
1508887663.546538,360650.0,372958.0
1508887669.601378,360650.0,372958.0
1508887675.280958,360650.0,372958.0
1508887680.99057,360650.0,372958.0
1508887686.681775,360650.0,372958.0
1508887692.363234,360650.0,372958.0
1508887698.043237,360650.0,372958.0
1508887703.728137,360650.0,372958.0
1508887709.418868,360650.0,372958.0
1508887715.117245,360650.0,372958.0
1508887720.796571,360650.0,372958.0
1508887726.486862,360650.0,372958.0
1508887732.1612,360650.0,372958.0
1508887737.872678,360650.0,372958.0
1508887743.548166,360650.0,372958.0
1508887749.267356,360650.0,372958.0
1508887754.95972,360650.0,372958.0
1508887760.648123,360650.0,372958.0
1508887766.328686,360650.0,372958.0
1508887772.012623,360650.0,372958.0
1508887777.694135,360650.0,372958.0
1508887783.382047,360650.0,372958.0
1508887789.073418,360376.0,372674.0
1508887794.751391,360376.0,372674.0
1508887800.439437,360376.0,372674.0
1508887806.133612,360376.0,372674.0
1508887811.839259,360376.0,372674.0
1508887817.527962,360376.0,372674.0
1508887823.219695,360376.0,372674.0
1508887828.907268,360376.0,372674.0
1508887834.590585,360376.0,372674.0
1508887840.276585,360376.0,372674.0
1508887845.96654,360376.0,372674.0
1508887851.64699,360376.0,372674.0
1508887857.325874,360376.0,372674.0
1508887863.01868,360376.0,372674.0
1508887868.710743,360376.0,372674.0
1508887874.388993,360376.0,372674.0
1508887880.077848,360376.0,372674.0
1508887885.765242,360376.0,372674.0
1508887891.436771,360376.0,372674.0
1508887897.106008,360376.0,372674.0
1508887903.34577,360376.0,372674.0
1508887909.034209,360376.0,372674.0
1508887914.714014,360376.0,372674.0
1508887920.400344,360376.0,372674.0
1508887926.082301,360376.0,372674.0
1508887931.758679,360376.0,372674.0
1508887937.448887,360376.0,372674.0
1508887943.128337,360376.0,372674.0
1508887948.83259,360376.0,372674.0
1508887954.512097,360376.0,372674.0
1508887960.189631,360376.0,372674.0
1508887965.862627,360376.0,372674.0
1508887971.909728,360376.0,372674.0
1508887977.607127,360376.0,372674.0
1508887983.302196,360376.0,372674.0
1508887988.985827,360376.0,372674.0
1508887994.670518,360376.0,372674.0
1508888000.357151,360376.0,372674.0
1508888006.053773,360376.0,372674.0
1508888012.811435,360376.0,372674.0
1508888018.487903,360376.0,372674.0
1508888024.175855,360376.0,372674.0
1508888029.856037,360376.0,372674.0
1508888035.534666,360376.0,372674.0
1508888041.213194,360376.0,372674.0
1508888046.893878,360376.0,372674.0
1508888052.67739,360376.0,372674.0
1508888058.373728,360376.0,372674.0
1508888064.062051,360376.0,372674.0
1508888069.742433,360376.0,372674.0
1508888075.425877,360376.0,372674.0
1508888081.104619,360376.0,372674.0
1508888086.776316,360376.0,372674.0
1508888092.454616,359146.0,371402.0
1508888098.135047,359146.0,371402.0
1508888103.81526,359146.0,371402.0
1508888109.487483,359146.0,371402.0
1508888115.16564,359146.0,371402.0
1508888120.853523,359146.0,371402.0
1508888127.058095,359146.0,371402.0
1508888132.746216,359146.0,371402.0
1508888138.434434,359146.0,371402.0
1508888144.132181,359146.0,371402.0
1508888149.824635,359146.0,371402.0
1508888155.495126,359146.0,371402.0
1508888161.183699,359146.0,371402.0
1508888166.856533,359146.0,371402.0
1508888172.536816,359146.0,371402.0
1508888178.229113,359146.0,371402.0
1508888183.912591,359146.0,371402.0
1508888189.591448,359146.0,371402.0
1508888195.279036,359146.0,371402.0
1508888200.96667,359146.0,371402.0
1508888207.204766,359146.0,371402.0
1508888212.902431,359146.0,371402.0
1508888218.584911,359146.0,371402.0
1508888224.268166,359146.0,371402.0
1508888229.96989,359146.0,371402.0
1508888235.654067,359146.0,371402.0
1508888241.348806,359146.0,371402.0
1508888247.037416,359146.0,371402.0
1508888252.717662,359146.0,371402.0
1508888258.393791,359146.0,371402.0
1508888264.091044,359146.0,371402.0
1508888269.788909,359146.0,371402.0
1508888275.480158,359146.0,371402.0
1508888281.173745,359146.0,371402.0
1508888287.42137,359146.0,371402.0
1508888293.158245,359146.0,371402.0
1508888298.831413,359146.0,371402.0
1508888304.507627,359146.0,371402.0
1508888310.196834,359146.0,371402.0
1508888315.884773,359146.0,371402.0
1508888321.56667,359146.0,371402.0
1508888327.243873,359146.0,371402.0
1508888332.938126,359146.0,371402.0
1508888338.626321,359146.0,371402.0
1508888344.474319,359146.0,371402.0
1508888350.153399,359146.0,371402.0
1508888355.833496,359146.0,371402.0
1508888361.519718,359146.0,371402.0
1508888367.213393,359146.0,371402.0
1508888372.888412,359146.0,371402.0
1508888378.574777,359146.0,371402.0
1508888384.254572,359146.0,371402.0
1508888389.943959,359146.0,371402.0
1508888395.631781,357763.0,369972.0
1508888401.309895,357763.0,369972.0
1508888406.998521,357763.0,369972.0
1508888412.676392,357763.0,369972.0
1508888418.349915,357763.0,369972.0
1508888424.026847,357763.0,369972.0
1508888429.714899,357763.0,369972.0
1508888435.386699,357763.0,369972.0
1508888441.075688,357763.0,369972.0
1508888446.806154,357763.0,369972.0
1508888452.501877,357763.0,369972.0
1508888458.189347,357763.0,369972.0
1508888463.879588,357763.0,369972.0
1508888469.565164,357763.0,369972.0
1508888475.241626,357763.0,369972.0
1508888480.930822,357763.0,369972.0
1508888486.613571,357763.0,369972.0
1508888492.298739,357763.0,369972.0
1508888497.996987,357763.0,369972.0
1508888503.67767,357763.0,369972.0
1508888509.923169,357763.0,369972.0
1508888515.603376,357763.0,369972.0
1508888521.282293,357763.0,369972.0
1508888526.960883,357763.0,369972.0
1508888532.641413,357763.0,369972.0
1508888538.344256,357763.0,369972.0
1508888544.025285,357763.0,369972.0
1508888549.70504,357763.0,369972.0
1508888555.385863,357763.0,369972.0
1508888561.064081,357763.0,369972.0
1508888566.765339,357763.0,369972.0
1508888573.097973,357763.0,369972.0
1508888578.784002,357763.0,369972.0
1508888584.481287,357763.0,369972.0
1508888590.162003,357763.0,369972.0
1508888595.854156,357763.0,369972.0
1508888601.544959,357763.0,369972.0
1508888607.25104,357763.0,369972.0
1508888612.942129,357763.0,369972.0
1508888618.632739,357763.0,369972.0
1508888624.3131,357763.0,369972.0
1508888629.993305,357763.0,369972.0
1508888635.689563,357763.0,369972.0
1508888641.378371,357763.0,369972.0
1508888647.059447,357763.0,369972.0
1508888652.75347,357763.0,369972.0
1508888658.458584,357763.0,369972.0
1508888664.153912,357763.0,369972.0
1508888669.825148,357763.0,369972.0
1508888675.497956,357763.0,369972.0
1508888681.184896,357763.0,369972.0
1508888686.857113,357763.0,369972.0
1508888692.535935,357763.0,369972.0
1508888698.22376,359021.0,371273.0
1508888703.999026,359021.0,371273.0
1508888709.682817,359021.0,371273.0
1508888715.387413,359021.0,371273.0
1508888721.075407,359021.0,371273.0
1508888726.766937,359021.0,371273.0
1508888732.444755,359021.0,371273.0
1508888738.129755,359021.0,371273.0
1508888743.817612,359021.0,371273.0
1508888749.490403,359021.0,371273.0
1508888755.181992,359021.0,371273.0
1508888760.857134,359021.0,371273.0
1508888766.545033,359021.0,371273.0
1508888772.232285,359021.0,371273.0
1508888777.944963,359021.0,371273.0
1508888783.633454,359021.0,371273.0
1508888789.369194,359021.0,371273.0
1508888796.185435,359021.0,371273.0
1508888801.880937,359021.0,371273.0
1508888807.568035,359021.0,371273.0
1508888813.256577,359021.0,371273.0
1508888818.933536,359021.0,371273.0
1508888824.632896,359021.0,371273.0
1508888830.324781,359021.0,371273.0
1508888836.015097,359021.0,371273.0
1508888842.145477,359021.0,371273.0
1508888847.83275,359021.0,371273.0
1508888853.505349,359021.0,371273.0
1508888859.193628,359021.0,371273.0
1508888864.873651,359021.0,371273.0
1508888870.567842,359021.0,371273.0
1508888876.255698,359021.0,371273.0
1508888882.002426,359021.0,371273.0
1508888887.691836,359021.0,371273.0
1508888893.3873,359021.0,371273.0
1508888899.075362,359021.0,371273.0
1508888904.744626,359021.0,371273.0
1508888910.439449,359021.0,371273.0
1508888916.123537,359021.0,371273.0
1508888921.804784,359021.0,371273.0
1508888927.479615,359021.0,371273.0
1508888933.167621,359021.0,371273.0
1508888938.849424,359021.0,371273.0
1508888944.949919,359021.0,371273.0
1508888950.635067,359021.0,371273.0
1508888956.321223,359021.0,371273.0
1508888961.999747,359021.0,371273.0
1508888967.690001,359021.0,371273.0
1508888973.425482,359021.0,371273.0
1508888979.104707,359021.0,371273.0
1508888984.786025,359021.0,371273.0
1508888990.473992,359021.0,371273.0
1508888996.152954,359021.0,371273.0
1508889001.826267,358197.0,370421.0
1508889007.587155,358197.0,370421.0
1508889013.275947,358197.0,370421.0
1508889018.9635,358197.0,370421.0
1508889024.663966,358197.0,370421.0
1508889030.345357,358197.0,370421.0
1508889036.143923,358197.0,370421.0
1508889041.823,358197.0,370421.0
1508889047.502989,358197.0,370421.0
1508889053.182081,358197.0,370421.0
1508889058.864566,358197.0,370421.0
1508889064.549934,358197.0,370421.0
1508889070.239854,358197.0,370421.0
1508889075.917407,358197.0,370421.0
1508889081.596229,358197.0,370421.0
1508889087.268135,358197.0,370421.0
1508889092.946749,358197.0,370421.0
1508889099.194311,358197.0,370421.0
1508889104.873759,358197.0,370421.0
1508889110.551707,358197.0,370421.0
1508889116.233525,358197.0,370421.0
1508889121.91906,358197.0,370421.0
1508889127.621225,358197.0,370421.0
1508889133.303332,358197.0,370421.0
1508889138.976031,358197.0,370421.0
1508889144.66395,358197.0,370421.0
1508889150.351822,358197.0,370421.0
1508889156.037967,358197.0,370421.0
1508889161.71017,358197.0,370421.0
1508889167.382318,358197.0,370421.0
1508889173.063468,358197.0,370421.0
1508889178.749427,358197.0,370421.0
1508889184.442658,358197.0,370421.0
1508889190.150272,358197.0,370421.0
1508889195.833995,358197.0,370421.0
1508889201.509452,358197.0,370421.0
1508889207.192265,358197.0,370421.0
1508889212.868509,358197.0,370421.0
1508889218.549848,358197.0,370421.0
1508889224.242754,358197.0,370421.0
1508889229.922346,358197.0,370421.0
1508889235.611463,358197.0,370421.0
1508889241.293399,358197.0,370421.0
1508889247.133695,358197.0,370421.0
1508889252.800415,358197.0,370421.0
1508889258.479958,358197.0,370421.0
1508889264.14955,358197.0,370421.0
1508889269.846263,358197.0,370421.0
1508889275.522213,358197.0,370421.0
1508889281.206562,358197.0,370421.0
1508889286.894445,358197.0,370421.0
1508889292.582259,358197.0,370421.0
1508889298.261027,358197.0,370421.0
1508889303.954499,358698.0,370939.0
1508889309.6445,358698.0,370939.0
1508889315.32397,358698.0,370939.0
1508889321.021566,358698.0,370939.0
1508889326.706229,358698.0,370939.0
1508889332.396752,358698.0,370939.0
1508889338.076824,358698.0,370939.0
1508889343.764186,358698.0,370939.0
1508889349.450708,358698.0,370939.0
1508889355.132334,358698.0,370939.0
1508889360.820113,358698.0,370939.0
1508889366.508046,358698.0,370939.0
1508889372.197791,358698.0,370939.0
1508889377.891677,358698.0,370939.0
1508889383.570585,358698.0,370939.0
1508889389.248709,358698.0,370939.0
1508889394.979253,358698.0,370939.0
1508889401.216041,358698.0,370939.0
1508889406.89964,358698.0,370939.0
1508889412.578015,358698.0,370939.0
1508889418.257053,358698.0,370939.0
1508889423.943481,358698.0,370939.0
1508889429.627292,358698.0,370939.0
1508889435.310838,358698.0,370939.0
1508889440.990309,358698.0,370939.0
1508889446.6804,358698.0,370939.0
1508889452.355851,358698.0,370939.0
1508889458.030457,358698.0,370939.0
1508889463.714663,358698.0,370939.0
1508889469.405495,358698.0,370939.0
1508889475.687587,358698.0,370939.0
1508889481.926394,358698.0,370939.0
1508889487.596424,358698.0,370939.0
1508889493.28517,358698.0,370939.0
1508889498.964045,358698.0,370939.0
1508889504.642821,358698.0,370939.0
1508889510.320995,358698.0,370939.0
1508889515.994243,358698.0,370939.0
1508889521.683259,358698.0,370939.0
1508889527.358076,358698.0,370939.0
1508889533.032562,358698.0,370939.0
1508889538.719988,358698.0,370939.0
1508889544.409669,358698.0,370939.0
1508889550.088065,358698.0,370939.0
1508889555.784221,358698.0,370939.0
1508889561.464008,358698.0,370939.0
1508889567.15051,358698.0,370939.0
1508889572.843925,358698.0,370939.0
1508889578.894522,358698.0,370939.0
1508889584.568766,358698.0,370939.0
1508889590.260922,358698.0,370939.0
1508889595.948094,358698.0,370939.0
1508889601.633436,358698.0,370939.0
1508889607.300637,359626.0,371898.0
1508889613.00227,359626.0,371898.0
1508889618.680996,359626.0,371898.0
1508889624.363188,359626.0,371898.0
1508889630.05218,359626.0,371898.0
1508889635.7308,359626.0,371898.0
1508889641.401867,359626.0,371898.0
1508889647.099113,359626.0,371898.0
1508889652.769321,359626.0,371898.0
1508889658.441416,359626.0,371898.0
1508889664.136754,359626.0,371898.0
1508889669.817232,359626.0,371898.0
1508889675.521673,359626.0,371898.0
1508889681.206603,359626.0,371898.0
1508889686.896258,359626.0,371898.0
1508889692.578138,359626.0,371898.0
1508889698.266044,359626.0,371898.0
1508889704.501336,359626.0,371898.0
1508889710.190419,359626.0,371898.0
1508889715.870652,359626.0,371898.0
1508889721.563436,359626.0,371898.0
1508889727.329951,359626.0,371898.0
1508889733.025247,359626.0,371898.0
1508889738.713918,359626.0,371898.0
1508889744.403172,359626.0,371898.0
1508889750.104966,359626.0,371898.0
1508889755.78584,359626.0,371898.0
1508889761.516657,359626.0,371898.0
1508889767.186423,359626.0,371898.0
1508889772.872159,359626.0,371898.0
1508889778.547449,359626.0,371898.0
1508889784.233755,359626.0,371898.0
1508889789.921379,359626.0,371898.0
1508889795.60884,359626.0,371898.0
1508889801.297501,359626.0,371898.0
1508889806.967791,359626.0,371898.0
1508889812.655971,359626.0,371898.0
1508889818.33599,359626.0,371898.0
1508889824.015405,359626.0,371898.0
1508889829.707641,359626.0,371898.0
1508889835.410088,359626.0,371898.0
1508889841.389898,359626.0,371898.0
1508889847.08356,359626.0,371898.0
1508889852.771002,359626.0,371898.0
1508889858.457838,359626.0,371898.0
1508889864.129863,359626.0,371898.0
1508889869.829224,359626.0,371898.0
1508889875.519125,359626.0,371898.0
1508889881.195588,359626.0,371898.0
1508889886.874096,359626.0,371898.0
1508889892.551068,359626.0,371898.0
1508889898.241221,359626.0,371898.0
1508889903.926656,358798.0,371043.0
1508889909.783524,358798.0,371043.0
1508889915.465691,358798.0,371043.0
1508889921.151449,358798.0,371043.0
1508889926.830089,358798.0,371043.0
1508889932.509775,358798.0,371043.0
1508889938.198565,358798.0,371043.0
1508889943.877896,358798.0,371043.0
1508889949.587753,358798.0,371043.0
1508889955.277036,358798.0,371043.0
1508889960.951381,358798.0,371043.0
1508889966.636451,358798.0,371043.0
1508889972.317547,358798.0,371043.0
1508889978.004854,358798.0,371043.0
1508889983.683224,358798.0,371043.0
1508889989.371204,358798.0,371043.0
1508889995.056803,358798.0,371043.0
1508890000.737886,358798.0,371043.0
1508890007.002447,358798.0,371043.0
1508890012.674887,358798.0,371043.0
1508890018.353558,358798.0,371043.0
1508890024.039553,358798.0,371043.0
1508890029.7268,358798.0,371043.0
1508890035.416267,358798.0,371043.0
1508890041.122264,358798.0,371043.0
1508890046.802042,358798.0,371043.0
1508890052.49738,358798.0,371043.0
1508890058.201281,358798.0,371043.0
1508890063.882355,358798.0,371043.0
1508890069.570242,358798.0,371043.0
1508890075.541584,358798.0,371043.0
1508890081.219683,358798.0,371043.0
1508890086.908314,358798.0,371043.0
1508890092.587126,358798.0,371043.0
1508890098.284756,358798.0,371043.0
1508890103.97953,358798.0,371043.0
1508890109.668948,358798.0,371043.0
1508890115.373472,358798.0,371043.0
1508890121.051423,358798.0,371043.0
1508890126.738854,358798.0,371043.0
1508890132.438764,358798.0,371043.0
1508890138.129457,358798.0,371043.0
1508890143.879112,358798.0,371043.0
1508890149.575176,358798.0,371043.0
1508890155.263411,358798.0,371043.0
1508890160.943378,358798.0,371043.0
1508890166.632556,358798.0,371043.0
1508890172.326732,358798.0,371043.0
1508890178.013206,358798.0,371043.0
1508890183.700926,358798.0,371043.0
1508890189.382646,358798.0,371043.0
1508890195.070493,358798.0,371043.0
1508890200.758392,358798.0,371043.0
1508890206.461449,358798.0,371043.0
1508890212.134266,358798.0,371043.0
1508890217.811348,358798.0,371043.0
1508890223.493365,358798.0,371043.0
1508890229.187806,358798.0,371043.0
1508890234.885644,358798.0,371043.0
1508890240.580881,358798.0,371043.0
1508890246.277987,358798.0,371043.0
1508890251.94939,358798.0,371043.0
1508890257.635795,358798.0,371043.0
1508890263.341824,358798.0,371043.0
1508890269.029683,358798.0,371043.0
1508890274.720442,358798.0,371043.0
1508890280.419923,358798.0,371043.0
1508890286.12273,358798.0,371043.0
1508890291.840069,358798.0,371043.0
1508890297.543268,358798.0,371043.0
1508890303.229757,358798.0,371043.0
