1508702684.444333,367455.0,378819.0
1508702691.803675,367455.0,378819.0
1508702698.982375,367455.0,378819.0
1508702706.248614,367455.0,378819.0
1508702713.070624,367455.0,378819.0
1508702720.384069,367455.0,378819.0
1508702727.65885,367455.0,378819.0
1508702734.256004,367455.0,378819.0
1508702740.885181,367455.0,378819.0
1508702748.148948,367455.0,378819.0
1508702754.805865,367455.0,378819.0
1508702762.163769,367455.0,378819.0
1508702768.926895,367455.0,378819.0
1508702775.554307,367455.0,378819.0
1508702782.14235,367455.0,378819.0
1508702789.339911,367455.0,378819.0
1508702796.676924,367455.0,378819.0
1508702803.510212,367455.0,378819.0
1508702810.741958,367455.0,378819.0
1508702818.078779,367455.0,378819.0
1508702824.936284,368697.0,380100.0
1508702833.844936,368697.0,380100.0
1508702840.6481,368697.0,380100.0
1508702847.886983,368697.0,380100.0
1508702855.077133,368697.0,380100.0
1508702862.275419,368697.0,380100.0
1508702869.487765,368697.0,380100.0
1508702876.301084,368697.0,380100.0
1508702883.021488,368697.0,380100.0
1508702890.324895,368697.0,380100.0
1508702896.485073,368697.0,380100.0
1508702903.206309,368697.0,380100.0
1508702910.590293,368697.0,380100.0
1508702917.818904,368697.0,380100.0
1508702925.18984,368697.0,380100.0
1508702932.405376,368697.0,380100.0
1508702939.612701,368697.0,380100.0
1508702946.204706,368697.0,380100.0
1508702953.524932,368697.0,380100.0
1508702960.879271,368697.0,380100.0
1508702968.295537,368697.0,380100.0
1508702974.864805,368697.0,380100.0
1508702982.428317,368697.0,380100.0
1508702989.121696,368697.0,380100.0
1508702996.407364,368697.0,380100.0
1508703004.242623,368697.0,380100.0
1508703011.107449,368697.0,380100.0
1508703017.962176,368697.0,380100.0
1508703027.487953,368697.0,380100.0
1508703034.976309,368697.0,380100.0
1508703042.234489,368697.0,380100.0
1508703049.491485,368697.0,380100.0
1508703056.77297,368697.0,380100.0
1508703064.144454,368697.0,380100.0
1508703071.367063,368697.0,380100.0
1508703078.231299,368697.0,380100.0
1508703085.37855,368697.0,380100.0
1508703092.714346,368697.0,380100.0
1508703099.472087,368697.0,380100.0
1508703105.661591,368697.0,380100.0
1508703112.515918,368697.0,380100.0
1508703119.955402,368697.0,380100.0
1508703127.329063,368821.0,380228.0
1508703136.001924,368821.0,380228.0
1508703142.822547,368821.0,380228.0
1508703150.056981,368821.0,380228.0
1508703156.877253,368821.0,380228.0
1508703164.10044,368821.0,380228.0
1508703170.780125,368821.0,380228.0
1508703178.119083,368821.0,380228.0
1508703184.77495,368821.0,380228.0
1508703192.145967,368821.0,380228.0
1508703200.131614,368821.0,380228.0
1508703207.318619,368821.0,380228.0
1508703214.615496,368821.0,380228.0
1508703221.390526,368821.0,380228.0
1508703228.293176,368821.0,380228.0
1508703235.610411,368821.0,380228.0
1508703241.804169,368821.0,380228.0
1508703248.624015,368821.0,380228.0
1508703255.707548,368821.0,380228.0
1508703262.570901,368821.0,380228.0
1508703269.745337,368821.0,380228.0
1508703276.515592,368821.0,380228.0
1508703283.706858,368821.0,380228.0
1508703291.330382,368821.0,380228.0
1508703298.642168,368821.0,380228.0
1508703306.181384,368821.0,380228.0
1508703314.104538,368821.0,380228.0
1508703320.284547,368821.0,380228.0
1508703326.947476,368821.0,380228.0
1508703333.8705,368821.0,380228.0
1508703341.09804,368821.0,380228.0
1508703348.389567,368821.0,380228.0
1508703354.63006,368821.0,380228.0
1508703360.799121,368821.0,380228.0
1508703370.236827,368821.0,380228.0
1508703377.032047,368821.0,380228.0
1508703384.56646,368821.0,380228.0
1508703391.147789,368821.0,380228.0
1508703401.786026,368821.0,380228.0
1508703409.064783,368821.0,380228.0
1508703415.652952,368821.0,380228.0
1508703423.46918,368821.0,380228.0
1508703430.492051,369899.0,381339.0
1508703438.829666,369899.0,381339.0
1508703446.002034,369899.0,381339.0
1508703452.648304,369899.0,381339.0
1508703459.24602,369899.0,381339.0
1508703466.477134,369899.0,381339.0
1508703472.758738,369899.0,381339.0
1508703481.650318,369899.0,381339.0
1508703488.333295,369899.0,381339.0
1508703495.541925,369899.0,381339.0
1508703503.445803,369899.0,381339.0
1508703510.662692,369899.0,381339.0
1508703517.677931,369899.0,381339.0
1508703524.540696,369899.0,381339.0
1508703530.721954,369899.0,381339.0
1508703537.551108,369899.0,381339.0
1508703543.782997,369899.0,381339.0
1508703551.119845,369899.0,381339.0
1508703558.332014,369899.0,381339.0
1508703565.690415,369899.0,381339.0
1508703573.07437,369899.0,381339.0
1508703580.372538,369899.0,381339.0
1508703587.717334,369899.0,381339.0
1508703595.0548,369899.0,381339.0
1508703602.361257,369899.0,381339.0
1508703609.600154,369899.0,381339.0
1508703623.220078,369899.0,381339.0
1508703629.818451,369899.0,381339.0
1508703637.124762,369899.0,381339.0
1508703644.447198,369899.0,381339.0
1508703651.035488,369899.0,381339.0
1508703657.643843,369899.0,381339.0
1508703665.034795,369899.0,381339.0
1508703671.830169,369899.0,381339.0
1508703679.164895,369899.0,381339.0
1508703685.386789,369899.0,381339.0
1508703692.683053,369899.0,381339.0
1508703704.485574,369899.0,381339.0
1508703711.687451,369899.0,381339.0
1508703718.25539,369899.0,381339.0
1508703726.062887,369899.0,381339.0
1508703732.620322,369131.0,380547.0
1508703741.6313,369131.0,380547.0
1508703752.382255,369131.0,380547.0
1508703759.240381,369131.0,380547.0
1508703766.10173,369131.0,380547.0
1508703773.296438,369131.0,380547.0
1508703779.972121,369131.0,380547.0
1508703787.402284,369131.0,380547.0
1508703795.314291,369131.0,380547.0
1508703802.472237,369131.0,380547.0
1508703809.827423,369131.0,380547.0
1508703816.608958,369131.0,380547.0
1508703823.962124,369131.0,380547.0
1508703830.170641,369131.0,380547.0
1508703836.796097,369131.0,380547.0
1508703844.071681,369131.0,380547.0
1508703851.403672,369131.0,380547.0
1508703860.644531,369131.0,380547.0
1508703867.19251,369131.0,380547.0
1508703874.543796,369131.0,380547.0
1508703880.698255,369131.0,380547.0
1508703888.05954,369131.0,380547.0
1508703896.254509,369131.0,380547.0
1508703902.503174,369131.0,380547.0
1508703909.075478,369131.0,380547.0
1508703916.318202,369131.0,380547.0
1508703923.726937,369131.0,380547.0
1508703930.917567,369131.0,380547.0
1508703937.573071,369131.0,380547.0
1508703943.754866,369131.0,380547.0
1508703950.650421,369131.0,380547.0
1508703957.439942,369131.0,380547.0
1508703964.015111,369131.0,380547.0
1508703971.215664,369131.0,380547.0
1508703978.63648,369131.0,380547.0
1508703985.935181,369131.0,380547.0
1508703994.164559,369131.0,380547.0
1508704001.453034,369131.0,380547.0
1508704008.743621,369131.0,380547.0
1508704015.98062,369131.0,380547.0
1508704022.2345,369131.0,380547.0
1508704030.198602,369931.0,381372.0
1508704036.853599,369931.0,381372.0
1508704047.607858,369931.0,381372.0
1508704054.757158,369931.0,381372.0
1508704064.599937,369931.0,381372.0
1508704071.959876,369931.0,381372.0
1508704078.811936,369931.0,381372.0
1508704086.023697,369931.0,381372.0
1508704093.482865,369931.0,381372.0
1508704100.072144,369931.0,381372.0
1508704107.336519,369931.0,381372.0
1508704115.185975,369931.0,381372.0
1508704122.450791,369931.0,381372.0
1508704129.011567,369931.0,381372.0
1508704136.384101,369931.0,381372.0
1508704143.683966,369931.0,381372.0
1508704151.029251,369931.0,381372.0
1508704157.601195,369931.0,381372.0
1508704164.196141,369931.0,381372.0
1508704171.615692,369931.0,381372.0
1508704178.434723,369931.0,381372.0
1508704185.047073,369931.0,381372.0
1508704193.111658,369931.0,381372.0
1508704200.485686,369931.0,381372.0
1508704207.861355,369931.0,381372.0
1508704215.230924,369931.0,381372.0
1508704222.403327,369931.0,381372.0
1508704229.777853,369931.0,381372.0
1508704236.53803,369931.0,381372.0
1508704243.715535,369931.0,381372.0
1508704254.245724,369931.0,381372.0
1508704261.51811,369931.0,381372.0
1508704268.906788,369931.0,381372.0
1508704275.469673,369931.0,381372.0
1508704282.41428,369931.0,381372.0
1508704289.10709,369931.0,381372.0
1508704296.440473,369931.0,381372.0
1508704303.234589,369931.0,381372.0
1508704310.569481,369931.0,381372.0
1508704317.346038,369931.0,381372.0
1508704323.918462,369931.0,381372.0
1508704333.092557,369759.0,381195.0
1508704342.21636,369759.0,381195.0
1508704350.406341,369759.0,381195.0
1508704356.976812,369759.0,381195.0
1508704364.234147,369759.0,381195.0
1508704371.706879,369759.0,381195.0
1508704378.949219,369759.0,381195.0
1508704386.242908,369759.0,381195.0
1508704392.907336,369759.0,381195.0
1508704399.712733,369759.0,381195.0
1508704406.61826,369759.0,381195.0
1508704413.190249,369759.0,381195.0
1508704420.553362,369759.0,381195.0
1508704427.747396,369759.0,381195.0
1508704434.989483,369759.0,381195.0
1508704441.561523,369759.0,381195.0
1508704448.918019,369759.0,381195.0
1508704455.715413,369759.0,381195.0
1508704462.980392,369759.0,381195.0
1508704470.242089,369759.0,381195.0
1508704477.687843,369759.0,381195.0
1508704485.064219,369759.0,381195.0
1508704492.287215,369759.0,381195.0
1508704498.949773,369759.0,381195.0
1508704506.158577,369759.0,381195.0
1508704512.737124,369759.0,381195.0
1508704520.006759,369759.0,381195.0
1508704526.664713,369759.0,381195.0
1508704533.597328,369759.0,381195.0
1508704540.823286,369759.0,381195.0
1508704547.4806,369759.0,381195.0
1508704554.686849,369759.0,381195.0
1508704561.965806,369759.0,381195.0
1508704569.115741,369759.0,381195.0
1508704575.93265,369759.0,381195.0
1508704582.592462,369759.0,381195.0
1508704596.067151,369759.0,381195.0
1508704603.048036,369759.0,381195.0
1508704610.258577,369759.0,381195.0
1508704617.437894,369759.0,381195.0
1508704624.638524,369759.0,381195.0
1508704632.727551,369759.0,381195.0
1508704639.311586,369425.0,380851.0
1508704645.880203,369425.0,380851.0
1508704654.226115,369425.0,380851.0
1508704661.440019,369425.0,380851.0
1508704667.661648,369425.0,380851.0
1508704674.227989,369425.0,380851.0
1508704680.872243,369425.0,380851.0
1508704688.228233,369425.0,380851.0
1508704695.332543,369425.0,380851.0
1508704701.963127,369425.0,380851.0
1508704708.811324,369425.0,380851.0
1508704716.130225,369425.0,380851.0
1508704723.352648,369425.0,380851.0
1508704730.69825,369425.0,380851.0
1508704737.991396,369425.0,380851.0
1508704744.623339,369425.0,380851.0
1508704751.911935,369425.0,380851.0
1508704759.175537,369425.0,380851.0
1508704765.77556,369425.0,380851.0
1508704772.652143,369425.0,380851.0
1508704780.202027,369425.0,380851.0
1508704787.557914,369425.0,380851.0
1508704794.828621,369425.0,380851.0
1508704801.033774,369425.0,380851.0
1508704813.25715,369425.0,380851.0
1508704820.624044,369425.0,380851.0
1508704827.874035,369425.0,380851.0
1508704835.174583,369425.0,380851.0
1508704842.541111,369425.0,380851.0
1508704849.113966,369425.0,380851.0
1508704856.474317,369425.0,380851.0
1508704863.724747,369425.0,380851.0
1508704871.007011,369425.0,380851.0
1508704881.460637,369425.0,380851.0
1508704888.832974,369425.0,380851.0
1508704895.760076,369425.0,380851.0
1508704902.964314,369425.0,380851.0
1508704909.683642,369425.0,380851.0
1508704916.47823,369425.0,380851.0
1508704923.849343,369425.0,380851.0
1508704932.424913,369425.0,380851.0
1508704939.64966,370235.0,381685.0
1508704947.712183,370235.0,381685.0
1508704955.89768,370235.0,381685.0
1508704962.610041,370235.0,381685.0
1508704969.619373,370235.0,381685.0
1508704976.586761,370235.0,381685.0
1508704983.963418,370235.0,381685.0
1508704990.528709,370235.0,381685.0
1508704997.882161,370235.0,381685.0
1508705004.037575,370235.0,381685.0
1508705010.637419,370235.0,381685.0
1508705017.959907,370235.0,381685.0
1508705025.282538,370235.0,381685.0
1508705031.871079,370235.0,381685.0
1508705038.056555,370235.0,381685.0
1508705044.826207,370235.0,381685.0
1508705051.019856,370235.0,381685.0
1508705058.301523,370235.0,381685.0
1508705067.935935,370235.0,381685.0
1508705074.53457,370235.0,381685.0
1508705081.126077,370235.0,381685.0
1508705088.516668,370235.0,381685.0
1508705095.884753,370235.0,381685.0
1508705103.200652,370235.0,381685.0
1508705110.51759,370235.0,381685.0
1508705117.756733,370235.0,381685.0
1508705125.037789,370235.0,381685.0
1508705132.242411,370235.0,381685.0
1508705139.618973,370235.0,381685.0
1508705146.779282,370235.0,381685.0
1508705152.955803,370235.0,381685.0
1508705159.571744,370235.0,381685.0
1508705166.26233,370235.0,381685.0
1508705172.850499,370235.0,381685.0
1508705181.835354,370235.0,381685.0
1508705189.17772,370235.0,381685.0
1508705196.651153,370235.0,381685.0
1508705203.91993,370235.0,381685.0
1508705210.758852,370235.0,381685.0
1508705217.363573,370235.0,381685.0
1508705224.212638,370235.0,381685.0
1508705232.131934,370235.0,381685.0
1508705239.36669,370009.0,381453.0
1508705245.902135,370009.0,381453.0
1508705253.165771,370009.0,381453.0
1508705261.572355,370009.0,381453.0
1508705268.943411,370009.0,381453.0
1508705275.700292,370009.0,381453.0
1508705282.088771,370009.0,381453.0
1508705289.418752,370009.0,381453.0
1508705296.2835,370009.0,381453.0
1508705303.078207,370009.0,381453.0
1508705309.333093,370009.0,381453.0
1508705318.979888,370009.0,381453.0
1508705326.389676,370009.0,381453.0
1508705333.246548,370009.0,381453.0
1508705340.696891,370009.0,381453.0
1508705348.509023,370009.0,381453.0
1508705355.670886,370009.0,381453.0
1508705362.220339,370009.0,381453.0
1508705369.499736,370009.0,381453.0
1508705376.77341,370009.0,381453.0
1508705383.624803,370009.0,381453.0
1508705391.047967,370009.0,381453.0
1508705397.214611,370009.0,381453.0
1508705404.610789,370009.0,381453.0
1508705410.792286,370009.0,381453.0
1508705417.345844,370009.0,381453.0
1508705424.693582,370009.0,381453.0
1508705431.308728,370009.0,381453.0
1508705437.963968,370009.0,381453.0
1508705445.268578,370009.0,381453.0
1508705451.90213,370009.0,381453.0
1508705459.11719,370009.0,381453.0
1508705466.369939,370009.0,381453.0
1508705474.368594,370009.0,381453.0
1508705481.631475,370009.0,381453.0
1508705488.897624,370009.0,381453.0
1508705495.370696,370009.0,381453.0
1508705501.548544,370009.0,381453.0
1508705508.120414,370009.0,381453.0
1508705514.916435,370009.0,381453.0
1508705522.231053,370009.0,381453.0
1508705528.805483,370009.0,381453.0
1508705537.644148,368830.0,380237.0
1508705544.605909,368830.0,380237.0
1508705552.082897,368830.0,380237.0
1508705561.894931,368830.0,380237.0
1508705569.186136,368830.0,380237.0
1508705576.519492,368830.0,380237.0
1508705583.24735,368830.0,380237.0
1508705590.391412,368830.0,380237.0
1508705597.254259,368830.0,380237.0
1508705604.181033,368830.0,380237.0
1508705610.367634,368830.0,380237.0
1508705617.758461,368830.0,380237.0
1508705624.686675,368830.0,380237.0
1508705632.053815,368830.0,380237.0
1508705639.551168,368830.0,380237.0
1508705646.898189,368830.0,380237.0
1508705654.278177,368830.0,380237.0
1508705661.670861,368830.0,380237.0
1508705667.865417,368830.0,380237.0
1508705675.120965,368830.0,380237.0
1508705682.028418,368830.0,380237.0
1508705688.823432,368830.0,380237.0
1508705696.738689,368830.0,380237.0
1508705708.514669,368830.0,380237.0
1508705715.735587,368830.0,380237.0
1508705722.407694,368830.0,380237.0
1508705729.646866,368830.0,380237.0
1508705736.195859,368830.0,380237.0
1508705743.409419,368830.0,380237.0
1508705750.243303,368830.0,380237.0
1508705757.493803,368830.0,380237.0
1508705764.766194,368830.0,380237.0
1508705772.032458,368830.0,380237.0
1508705779.30505,368830.0,380237.0
1508705786.173943,368830.0,380237.0
1508705793.323165,368830.0,380237.0
1508705800.549166,368830.0,380237.0
1508705807.467805,368830.0,380237.0
1508705814.159004,368830.0,380237.0
1508705820.398181,368830.0,380237.0
1508705827.643763,368830.0,380237.0
1508705836.450925,368830.0,380237.0
1508705843.92202,368246.0,379635.0
1508705851.118681,368246.0,379635.0
1508705859.322734,368246.0,379635.0
1508705865.499767,368246.0,379635.0
1508705873.106817,368246.0,379635.0
1508705879.969214,368246.0,379635.0
1508705887.441771,368246.0,379635.0
1508705894.30409,368246.0,379635.0
1508705901.580996,368246.0,379635.0
1508705908.441186,368246.0,379635.0
1508705915.810081,368246.0,379635.0
1508705923.587471,368246.0,379635.0
1508705930.367389,368246.0,379635.0
1508705937.259716,368246.0,379635.0
1508705944.478701,368246.0,379635.0
1508705955.229647,368246.0,379635.0
1508705962.502624,368246.0,379635.0
1508705969.207592,368246.0,379635.0
1508705975.887996,368246.0,379635.0
1508705982.067873,368246.0,379635.0
1508705989.23403,368246.0,379635.0
1508705997.221151,368246.0,379635.0
1508706003.899952,368246.0,379635.0
1508706010.726373,368246.0,379635.0
1508706017.935903,368246.0,379635.0
1508706025.172852,368246.0,379635.0
1508706031.740499,368246.0,379635.0
1508706038.588639,368246.0,379635.0
1508706050.286426,368246.0,379635.0
1508706057.637036,368246.0,379635.0
1508706064.216452,368246.0,379635.0
1508706070.829334,368246.0,379635.0
1508706078.204149,368246.0,379635.0
1508706085.881369,368246.0,379635.0
1508706093.37383,368246.0,379635.0
1508706100.182688,368246.0,379635.0
1508706107.404505,368246.0,379635.0
1508706114.774482,368246.0,379635.0
1508706122.061938,368246.0,379635.0
1508706129.418655,368246.0,379635.0
1508706137.066128,368246.0,379635.0
1508706144.314868,367255.0,378613.0
1508706151.637362,367255.0,378613.0
1508706159.927431,367255.0,378613.0
1508706167.365285,367255.0,378613.0
1508706175.299056,367255.0,378613.0
1508706182.645065,367255.0,378613.0
1508706191.060634,367255.0,378613.0
1508706198.337268,367255.0,378613.0
1508706205.646024,367255.0,378613.0
1508706212.977972,367255.0,378613.0
1508706219.841441,367255.0,378613.0
1508706227.059228,367255.0,378613.0
1508706233.883931,367255.0,378613.0
1508706241.188249,367255.0,378613.0
1508706248.298331,367255.0,378613.0
1508706255.482123,367255.0,378613.0
1508706262.336545,367255.0,378613.0
1508706269.011861,367255.0,378613.0
1508706276.354045,367255.0,378613.0
1508706282.976051,367255.0,378613.0
1508706290.316503,367255.0,378613.0
1508706298.171598,367255.0,378613.0
1508706304.393431,367255.0,378613.0
1508706315.429515,367255.0,378613.0
1508706322.078834,367255.0,378613.0
1508706329.512268,367255.0,378613.0
1508706336.785987,367255.0,378613.0
1508706343.640656,367255.0,378613.0
1508706350.220541,367255.0,378613.0
1508706357.385903,367255.0,378613.0
1508706364.224779,367255.0,378613.0
1508706371.413922,367255.0,378613.0
1508706378.201048,367255.0,378613.0
1508706385.375105,367255.0,378613.0
1508706392.540073,367255.0,378613.0
1508706399.819919,367255.0,378613.0
1508706407.074373,367255.0,378613.0
1508706414.592551,367255.0,378613.0
1508706421.462521,367255.0,378613.0
1508706429.243674,367255.0,378613.0
1508706437.75103,367255.0,378613.0
1508706445.01792,368157.0,379543.0
1508706451.59492,368157.0,379543.0
1508706459.150941,368157.0,379543.0
1508706466.416296,368157.0,379543.0
1508706473.245546,368157.0,379543.0
1508706480.501439,368157.0,379543.0
1508706487.823964,368157.0,379543.0
1508706495.045437,368157.0,379543.0
1508706502.364329,368157.0,379543.0
1508706511.726489,368157.0,379543.0
1508706519.051382,368157.0,379543.0
1508706525.637772,368157.0,379543.0
1508706532.396293,368157.0,379543.0
1508706538.598071,368157.0,379543.0
1508706545.869627,368157.0,379543.0
1508706553.152181,368157.0,379543.0
1508706559.904014,368157.0,379543.0
1508706566.670626,368157.0,379543.0
1508706574.299049,368157.0,379543.0
1508706580.898595,368157.0,379543.0
1508706588.08784,368157.0,379543.0
1508706594.709277,368157.0,379543.0
1508706602.614187,368157.0,379543.0
1508706609.816811,368157.0,379543.0
1508706616.026863,368157.0,379543.0
1508706622.631681,368157.0,379543.0
1508706629.549896,368157.0,379543.0
1508706636.308903,368157.0,379543.0
1508706642.984541,368157.0,379543.0
1508706651.361053,368157.0,379543.0
1508706659.989305,368157.0,379543.0
1508706666.584221,368157.0,379543.0
1508706672.771168,368157.0,379543.0
1508706680.227346,368157.0,379543.0
1508706687.191158,368157.0,379543.0
1508706694.671631,368157.0,379543.0
1508706702.524789,368157.0,379543.0
1508706709.356741,368157.0,379543.0
1508706715.550821,368157.0,379543.0
1508706722.184447,368157.0,379543.0
1508706729.434639,368157.0,379543.0
1508706737.224172,368157.0,379543.0
1508706744.510273,367989.0,379370.0
1508706750.897123,367989.0,379370.0
1508706758.166823,367989.0,379370.0
1508706765.018168,367989.0,379370.0
1508706772.127294,367989.0,379370.0
1508706780.040844,367989.0,379370.0
1508706787.238754,367989.0,379370.0
1508706795.22634,367989.0,379370.0
1508706805.9986,367989.0,379370.0
1508706813.352023,367989.0,379370.0
1508706820.046443,367989.0,379370.0
1508706826.862813,367989.0,379370.0
1508706834.13529,367989.0,379370.0
1508706841.508026,367989.0,379370.0
1508706848.780481,367989.0,379370.0
1508706855.989671,367989.0,379370.0
1508706863.225413,367989.0,379370.0
1508706870.648028,367989.0,379370.0
1508706877.969191,367989.0,379370.0
1508706884.659338,367989.0,379370.0
1508706891.39804,367989.0,379370.0
1508706898.138895,367989.0,379370.0
1508706907.150341,367989.0,379370.0
1508706914.549747,367989.0,379370.0
1508706921.792907,367989.0,379370.0
1508706928.099805,367989.0,379370.0
1508706935.300027,367989.0,379370.0
1508706942.689209,367989.0,379370.0
1508706948.877351,367989.0,379370.0
1508706955.448713,367989.0,379370.0
1508706962.453875,367989.0,379370.0
1508706969.38918,367989.0,379370.0
1508706976.682354,367989.0,379370.0
1508706983.353733,367989.0,379370.0
1508706990.650922,367989.0,379370.0
1508706997.573374,367989.0,379370.0
1508707005.052218,367989.0,379370.0
1508707011.876544,367989.0,379370.0
1508707018.486503,367989.0,379370.0
1508707025.839295,367989.0,379370.0
1508707033.212721,367989.0,379370.0
1508707040.617726,367989.0,379370.0
1508707048.1572,368570.0,379970.0
1508707055.638548,368570.0,379970.0
1508707063.39301,368570.0,379970.0
1508707070.698888,368570.0,379970.0
1508707077.547476,368570.0,379970.0
1508707084.509844,368570.0,379970.0
1508707091.883212,368570.0,379970.0
1508707099.159111,368570.0,379970.0
1508707105.937001,368570.0,379970.0
1508707113.286206,368570.0,379970.0
1508707120.682195,368570.0,379970.0
1508707127.931514,368570.0,379970.0
1508707134.509845,368570.0,379970.0
1508707141.708087,368570.0,379970.0
1508707148.3447,368570.0,379970.0
1508707155.166024,368570.0,379970.0
1508707162.053606,368570.0,379970.0
1508707169.028795,368570.0,379970.0
1508707176.467359,368570.0,379970.0
1508707183.332056,368570.0,379970.0
1508707190.163953,368570.0,379970.0
1508707197.486512,368570.0,379970.0
1508707204.93838,368570.0,379970.0
1508707212.238991,368570.0,379970.0
1508707219.477432,368570.0,379970.0
1508707226.362252,368570.0,379970.0
1508707233.704537,368570.0,379970.0
1508707240.938721,368570.0,379970.0
1508707247.843283,368570.0,379970.0
1508707255.217093,368570.0,379970.0
1508707261.795439,368570.0,379970.0
1508707268.465835,368570.0,379970.0
1508707275.323001,368570.0,379970.0
1508707284.834684,368570.0,379970.0
1508707292.069706,368570.0,379970.0
1508707298.881663,368570.0,379970.0
1508707306.164415,368570.0,379970.0
1508707313.435016,368570.0,379970.0
1508707320.659404,368570.0,379970.0
1508707327.915174,368570.0,379970.0
1508707334.103402,368570.0,379970.0
1508707340.89194,368570.0,379970.0
1508707348.181388,368570.0,379970.0
1508707355.337631,368129.0,379515.0
1508707363.243675,368129.0,379515.0
1508707370.156574,368129.0,379515.0
1508707377.586849,368129.0,379515.0
1508707384.955741,368129.0,379515.0
1508707392.339119,368129.0,379515.0
1508707401.701306,368129.0,379515.0
1508707408.329707,368129.0,379515.0
1508707415.635588,368129.0,379515.0
1508707421.840607,368129.0,379515.0
1508707429.096381,368129.0,379515.0
1508707436.363778,368129.0,379515.0
1508707442.940689,368129.0,379515.0
1508707450.380196,368129.0,379515.0
1508707458.377646,368129.0,379515.0
1508707465.075313,368129.0,379515.0
1508707472.286266,368129.0,379515.0
1508707479.125737,368129.0,379515.0
1508707486.173933,368129.0,379515.0
1508707493.397912,368129.0,379515.0
1508707501.002878,368129.0,379515.0
1508707508.558063,368129.0,379515.0
1508707516.041327,368129.0,379515.0
1508707523.277631,368129.0,379515.0
1508707530.461078,368129.0,379515.0
1508707537.845507,368129.0,379515.0
1508707545.216364,368129.0,379515.0
1508707552.689376,368129.0,379515.0
1508707559.334257,368129.0,379515.0
1508707566.025378,368129.0,379515.0
1508707573.378669,368129.0,379515.0
1508707580.654957,368129.0,379515.0
1508707587.414319,368129.0,379515.0
1508707594.080793,368129.0,379515.0
1508707601.74724,368129.0,379515.0
1508707608.974108,368129.0,379515.0
1508707616.329984,368129.0,379515.0
1508707622.977171,368129.0,379515.0
1508707629.813027,368129.0,379515.0
1508707646.387414,368129.0,379515.0
1508707653.159618,368771.0,380176.0
1508707660.474717,368771.0,380176.0
1508707668.855539,368771.0,380176.0
1508707676.183083,368771.0,380176.0
1508707682.441924,368771.0,380176.0
1508707689.295877,368771.0,380176.0
1508707696.566582,368771.0,380176.0
1508707703.938799,368771.0,380176.0
1508707711.4132,368771.0,380176.0
1508707718.778937,368771.0,380176.0
1508707725.951388,368771.0,380176.0
1508707733.324553,368771.0,380176.0
1508707740.487253,368771.0,380176.0
1508707747.168475,368771.0,380176.0
1508707757.331219,368771.0,380176.0
1508707764.583025,368771.0,380176.0
1508707771.154297,368771.0,380176.0
1508707777.956405,368771.0,380176.0
1508707785.399129,368771.0,380176.0
1508707792.721663,368771.0,380176.0
1508707799.904066,368771.0,380176.0
1508707807.262643,368771.0,380176.0
1508707814.533272,368771.0,380176.0
1508707821.727989,368771.0,380176.0
1508707829.067352,368771.0,380176.0
1508707835.833338,368771.0,380176.0
1508707843.095379,368771.0,380176.0
1508707850.288609,368771.0,380176.0
1508707856.522001,368771.0,380176.0
1508707863.888142,368771.0,380176.0
1508707871.211123,368771.0,380176.0
1508707877.431735,368771.0,380176.0
1508707884.09133,368771.0,380176.0
1508707891.279527,368771.0,380176.0
1508707898.606611,368771.0,380176.0
1508707905.462096,368771.0,380176.0
1508707912.200201,368771.0,380176.0
1508707919.593509,368771.0,380176.0
1508707926.5532,368771.0,380176.0
1508707933.826842,368771.0,380176.0
1508707943.865925,368771.0,380176.0
1508707950.728842,368771.0,380176.0
1508707958.196187,367939.0,379318.0
1508707965.577288,367939.0,379318.0
1508707973.244585,367939.0,379318.0
1508707980.4776,367939.0,379318.0
1508707987.116375,367939.0,379318.0
1508707994.450092,367939.0,379318.0
1508708001.367433,367939.0,379318.0
1508708008.6783,367939.0,379318.0
1508708015.620972,367939.0,379318.0
1508708022.495561,367939.0,379318.0
1508708029.361532,367939.0,379318.0
1508708035.942465,367939.0,379318.0
1508708043.188117,367939.0,379318.0
1508708049.777882,367939.0,379318.0
1508708058.551677,367939.0,379318.0
1508708065.640663,367939.0,379318.0
1508708076.265897,367939.0,379318.0
1508708083.637512,367939.0,379318.0
1508708090.827612,367939.0,379318.0
1508708098.143834,367939.0,379318.0
1508708105.289007,367939.0,379318.0
1508708112.121365,367939.0,379318.0
1508708119.479993,367939.0,379318.0
1508708126.656366,367939.0,379318.0
1508708133.327207,367939.0,379318.0
1508708140.322852,367939.0,379318.0
1508708147.739797,367939.0,379318.0
1508708154.808547,367939.0,379318.0
1508708161.971891,367939.0,379318.0
1508708169.449532,367939.0,379318.0
1508708176.563121,367939.0,379318.0
1508708184.715086,367939.0,379318.0
1508708191.391592,367939.0,379318.0
1508708197.980221,367939.0,379318.0
1508708204.533093,367939.0,379318.0
1508708211.84523,367939.0,379318.0
1508708218.736912,367939.0,379318.0
1508708225.671344,367939.0,379318.0
1508708232.234512,367939.0,379318.0
1508708239.046518,367939.0,379318.0
1508708246.858768,367939.0,379318.0
1508708253.83366,367939.0,379318.0
1508708261.206102,368900.0,380309.0
1508708268.101681,368900.0,380309.0
1508708275.287644,368900.0,380309.0
1508708282.692041,368900.0,380309.0
1508708292.95098,368900.0,380309.0
1508708299.736203,368900.0,380309.0
1508708306.600308,368900.0,380309.0
1508708313.876613,368900.0,380309.0
1508708320.528439,368900.0,380309.0
1508708327.761133,368900.0,380309.0
1508708334.62321,368900.0,380309.0
1508708341.872493,368900.0,380309.0
1508708349.585239,368900.0,380309.0
1508708357.77103,368900.0,380309.0
1508708364.630508,368900.0,380309.0
1508708371.236746,368900.0,380309.0
1508708378.455234,368900.0,380309.0
1508708385.253934,368900.0,380309.0
1508708392.628916,368900.0,380309.0
1508708399.470964,368900.0,380309.0
1508708407.229524,368900.0,380309.0
1508708414.502464,368900.0,380309.0
1508708421.459569,368900.0,380309.0
1508708428.734493,368900.0,380309.0
1508708436.003335,368900.0,380309.0
1508708443.377177,368900.0,380309.0
1508708450.690661,368900.0,380309.0
1508708457.942211,368900.0,380309.0
1508708464.774355,368900.0,380309.0
1508708472.465662,368900.0,380309.0
1508708479.790863,368900.0,380309.0
1508708487.100185,368900.0,380309.0
1508708493.684239,368900.0,380309.0
1508708501.313774,368900.0,380309.0
1508708508.479323,368900.0,380309.0
1508708515.234807,368900.0,380309.0
1508708522.455544,368900.0,380309.0
1508708529.037422,368900.0,380309.0
1508708536.251769,368900.0,380309.0
1508708543.524225,368900.0,380309.0
1508708550.896795,368900.0,380309.0
1508708557.678134,368900.0,380309.0
1508708564.451953,368380.0,379773.0
1508708572.088316,368380.0,379773.0
1508708580.362505,368380.0,379773.0
1508708587.574221,368380.0,379773.0
1508708594.219366,368380.0,379773.0
1508708601.587533,368380.0,379773.0
1508708608.793159,368380.0,379773.0
1508708616.123199,368380.0,379773.0
1508708623.304981,368380.0,379773.0
1508708629.976988,368380.0,379773.0
1508708637.397808,368380.0,379773.0
1508708644.588672,368380.0,379773.0
1508708651.859298,368380.0,379773.0
1508708658.445783,368380.0,379773.0
1508708665.605539,368380.0,379773.0
1508708672.79472,368380.0,379773.0
1508708679.399822,368380.0,379773.0
1508708686.646108,368380.0,379773.0
1508708693.944855,368380.0,379773.0
1508708700.150794,368380.0,379773.0
1508708707.670712,368380.0,379773.0
1508708715.150138,368380.0,379773.0
1508708721.733997,368380.0,379773.0
1508708728.989393,368380.0,379773.0
1508708736.250657,368380.0,379773.0
1508708743.101146,368380.0,379773.0
1508708753.402961,368380.0,379773.0
1508708760.713197,368380.0,379773.0
1508708768.01532,368380.0,379773.0
1508708775.291773,368380.0,379773.0
1508708781.948863,368380.0,379773.0
1508708788.851774,368380.0,379773.0
1508708796.143673,368380.0,379773.0
1508708802.342692,368380.0,379773.0
1508708809.604396,368380.0,379773.0
1508708816.849439,368380.0,379773.0
1508708824.199503,368380.0,379773.0
1508708831.577086,368380.0,379773.0
1508708838.977882,368380.0,379773.0
1508708848.368983,368380.0,379773.0
1508708856.150022,368380.0,379773.0
1508708863.014017,368380.0,379773.0
1508708870.349554,368565.0,379964.0
1508708876.62502,368565.0,379964.0
1508708884.218593,368565.0,379964.0
1508708891.484872,368565.0,379964.0
1508708900.28909,368565.0,379964.0
1508708907.562018,368565.0,379964.0
1508708914.4219,368565.0,379964.0
1508708921.694528,368565.0,379964.0
1508708929.060572,368565.0,379964.0
1508708936.639817,368565.0,379964.0
1508708943.311838,368565.0,379964.0
1508708950.367404,368565.0,379964.0
1508708957.322384,368565.0,379964.0
1508708964.539694,368565.0,379964.0
1508708971.870055,368565.0,379964.0
1508708979.240633,368565.0,379964.0
1508708986.201279,368565.0,379964.0
1508708993.574851,368565.0,379964.0
1508708999.773766,368565.0,379964.0
1508709009.286203,368565.0,379964.0
1508709015.949479,368565.0,379964.0
1508709022.566811,368565.0,379964.0
1508709029.823202,368565.0,379964.0
1508709036.512924,368565.0,379964.0
1508709043.848142,368565.0,379964.0
1508709050.00807,368565.0,379964.0
1508709057.269994,368565.0,379964.0
1508709064.462586,368565.0,379964.0
1508709071.603546,368565.0,379964.0
1508709078.370203,368565.0,379964.0
1508709085.692687,368565.0,379964.0
1508709092.277703,368565.0,379964.0
1508709099.153554,368565.0,379964.0
1508709106.009416,368565.0,379964.0
1508709113.481722,368565.0,379964.0
1508709120.864864,368565.0,379964.0
1508709128.231141,368565.0,379964.0
1508709135.445242,368565.0,379964.0
1508709142.767815,368565.0,379964.0
1508709150.144423,368565.0,379964.0
1508709157.309088,368565.0,379964.0
1508709163.488551,368565.0,379964.0
1508709170.176952,368565.0,379964.0
1508709177.591481,368793.0,380199.0
1508709185.621433,368793.0,380199.0
1508709192.845442,368793.0,380199.0
1508709199.715568,368793.0,380199.0
1508709206.921371,368793.0,380199.0
1508709214.251077,368793.0,380199.0
1508709221.113972,368793.0,380199.0
1508709228.481507,368793.0,380199.0
1508709236.063332,368793.0,380199.0
1508709243.376605,368793.0,380199.0
1508709250.81062,368793.0,380199.0
1508709260.382948,368793.0,380199.0
1508709267.705509,368793.0,380199.0
1508709274.967171,368793.0,380199.0
1508709282.233268,368793.0,380199.0
1508709288.837585,368793.0,380199.0
1508709296.174367,368793.0,380199.0
1508709304.77486,368793.0,380199.0
1508709311.934623,368793.0,380199.0
1508709318.504685,368793.0,380199.0
1508709325.867464,368793.0,380199.0
1508709332.56831,368793.0,380199.0
1508709339.346285,368793.0,380199.0
1508709346.551969,368793.0,380199.0
1508709353.324249,368793.0,380199.0
1508709361.48831,368793.0,380199.0
1508709368.878317,368793.0,380199.0
1508709376.24891,368793.0,380199.0
1508709383.048047,368793.0,380199.0
1508709390.27912,368793.0,380199.0
1508709397.8582,368793.0,380199.0
1508709405.149069,368793.0,380199.0
1508709411.98021,368793.0,380199.0
1508709419.259421,368793.0,380199.0
1508709426.132581,368793.0,380199.0
1508709433.388328,368793.0,380199.0
1508709440.761,368793.0,380199.0
1508709447.585552,368793.0,380199.0
1508709454.21715,368793.0,380199.0
1508709461.755334,368793.0,380199.0
1508709468.609423,368793.0,380199.0
1508709475.194605,368793.0,380199.0
1508709482.542989,369130.0,380547.0
1508709490.200682,369130.0,380547.0
1508709496.772294,369130.0,380547.0
1508709504.145199,369130.0,380547.0
1508709510.950622,369130.0,380547.0
1508709517.706059,369130.0,380547.0
1508709524.97917,369130.0,380547.0
1508709532.184465,369130.0,380547.0
1508709538.768139,369130.0,380547.0
1508709546.128291,369130.0,380547.0
1508709552.700875,369130.0,380547.0
1508709559.99001,369130.0,380547.0
1508709566.804185,369130.0,380547.0
1508709573.585771,369130.0,380547.0
1508709580.379723,369130.0,380547.0
1508709586.550025,369130.0,380547.0
1508709593.166682,369130.0,380547.0
1508709600.038447,369130.0,380547.0
1508709607.677576,369130.0,380547.0
1508709614.533868,369130.0,380547.0
1508709621.821321,369130.0,380547.0
1508709629.078878,369130.0,380547.0
1508709635.905953,369130.0,380547.0
1508709643.206831,369130.0,380547.0
1508709649.783823,369130.0,380547.0
1508709656.463607,369130.0,380547.0
1508709663.138675,369130.0,380547.0
1508709670.336314,369130.0,380547.0
1508709677.236603,369130.0,380547.0
1508709683.844825,369130.0,380547.0
1508709690.426468,369130.0,380547.0
1508709696.674385,369130.0,380547.0
1508709703.619965,369130.0,380547.0
1508709710.998649,369130.0,380547.0
1508709718.215869,369130.0,380547.0
1508709725.115039,369130.0,380547.0
1508709731.912577,369130.0,380547.0
1508709744.870051,369130.0,380547.0
1508709751.713701,369130.0,380547.0
1508709759.33283,369130.0,380547.0
1508709766.527608,369130.0,380547.0
1508709773.761513,369130.0,380547.0
1508709780.958173,369125.0,380541.0
1508709787.90637,369125.0,380541.0
1508709796.230173,369125.0,380541.0
1508709803.293895,369125.0,380541.0
1508709810.507619,369125.0,380541.0
1508709817.75232,369125.0,380541.0
1508709824.765914,369125.0,380541.0
1508709832.113486,369125.0,380541.0
1508709839.31353,369125.0,380541.0
1508709846.031369,369125.0,380541.0
1508709853.240038,369125.0,380541.0
1508709860.431029,369125.0,380541.0
1508709867.670332,369125.0,380541.0
1508709874.362435,369125.0,380541.0
1508709881.646673,369125.0,380541.0
1508709888.55667,369125.0,380541.0
1508709895.859581,369125.0,380541.0
1508709902.896575,369125.0,380541.0
1508709910.780961,369125.0,380541.0
1508709917.990117,369125.0,380541.0
1508709925.216372,369125.0,380541.0
1508709932.05534,369125.0,380541.0
1508709939.351208,369125.0,380541.0
1508709946.316686,369125.0,380541.0
1508709953.275428,369125.0,380541.0
1508709960.96177,369125.0,380541.0
1508709969.916053,369125.0,380541.0
1508709976.669867,369125.0,380541.0
1508709983.99537,369125.0,380541.0
1508709990.177818,369125.0,380541.0
1508709996.403069,369125.0,380541.0
1508710003.351262,369125.0,380541.0
1508710010.151358,369125.0,380541.0
1508710017.423865,369125.0,380541.0
1508710024.261845,369125.0,380541.0
1508710031.924075,369125.0,380541.0
1508710040.52568,369125.0,380541.0
1508710048.410135,369125.0,380541.0
1508710055.549203,369125.0,380541.0
1508710062.843637,369125.0,380541.0
1508710070.282905,369125.0,380541.0
1508710077.922418,369125.0,380541.0
1508710084.86318,369446.0,380873.0
1508710091.661605,369446.0,380873.0
1508710099.039282,369446.0,380873.0
1508710106.211487,369446.0,380873.0
1508710113.443917,369446.0,380873.0
1508710121.42779,369446.0,380873.0
1508710128.796481,369446.0,380873.0
1508710135.358117,369446.0,380873.0
1508710142.618111,369446.0,380873.0
1508710149.888776,369446.0,380873.0
1508710156.852203,369446.0,380873.0
1508710163.70639,369446.0,380873.0
1508710170.507638,369446.0,380873.0
1508710177.834551,369446.0,380873.0
1508710184.981991,369446.0,380873.0
1508710192.205152,369446.0,380873.0
1508710198.752584,369446.0,380873.0
1508710205.615775,369446.0,380873.0
1508710213.34297,369446.0,380873.0
1508710220.20162,369446.0,380873.0
1508710227.6082,369446.0,380873.0
1508710234.186056,369446.0,380873.0
1508710241.403553,369446.0,380873.0
1508710247.957755,369446.0,380873.0
1508710254.730752,369446.0,380873.0
1508710261.910241,369446.0,380873.0
1508710269.287071,369446.0,380873.0
1508710276.58163,369446.0,380873.0
1508710285.818899,369446.0,380873.0
1508710293.145028,369446.0,380873.0
1508710300.367466,369446.0,380873.0
1508710307.690015,369446.0,380873.0
1508710313.917943,369446.0,380873.0
1508710321.20662,369446.0,380873.0
1508710327.881916,369446.0,380873.0
1508710335.190305,369446.0,380873.0
1508710341.994821,369446.0,380873.0
1508710349.377847,369446.0,380873.0
1508710356.742564,369446.0,380873.0
1508710364.168622,369446.0,380873.0
1508710371.001233,369446.0,380873.0
1508710378.237304,369446.0,380873.0
1508710385.717015,372887.0,384420.0
1508710394.928545,372887.0,384420.0
1508710403.166666,372887.0,384420.0
1508710411.239712,372887.0,384420.0
1508710418.585655,372887.0,384420.0
1508710425.960747,372887.0,384420.0
1508710432.923726,372887.0,384420.0
1508710440.606097,372887.0,384420.0
1508710447.426369,372887.0,384420.0
1508710453.974007,372887.0,384420.0
1508710461.390097,372887.0,384420.0
1508710467.547833,372887.0,384420.0
1508710474.91293,372887.0,384420.0
1508710481.474742,372887.0,384420.0
1508710488.431409,372887.0,384420.0
1508710494.618591,372887.0,384420.0
1508710501.395428,372887.0,384420.0
1508710508.956977,372887.0,384420.0
1508710516.731789,372887.0,384420.0
1508710523.649459,372887.0,384420.0
1508710530.544131,372887.0,384420.0
1508710537.88471,372887.0,384420.0
1508710545.197242,372887.0,384420.0
1508710552.424152,372887.0,384420.0
1508710559.282003,372887.0,384420.0
1508710566.067699,372887.0,384420.0
1508710572.417976,372887.0,384420.0
1508710579.25589,372887.0,384420.0
1508710586.897419,372887.0,384420.0
1508710594.103243,372887.0,384420.0
1508710601.319239,372887.0,384420.0
1508710608.590201,372887.0,384420.0
1508710615.857453,372887.0,384420.0
1508710623.124447,372887.0,384420.0
1508710630.298901,372887.0,384420.0
1508710637.153054,372887.0,384420.0
1508710644.371541,372887.0,384420.0
1508710651.606785,372887.0,384420.0
1508710658.162278,372887.0,384420.0
1508710665.351633,372887.0,384420.0
1508710672.96941,372887.0,384420.0
1508710680.155495,372887.0,384420.0
1508710686.337999,372185.0,383696.0
1508710692.909789,372185.0,383696.0
1508710699.786214,372185.0,383696.0
1508710708.019859,372185.0,383696.0
1508710715.333814,372185.0,383696.0
1508710722.621368,372185.0,383696.0
1508710729.812011,372185.0,383696.0
1508710737.772691,372185.0,383696.0
1508710744.613628,372185.0,383696.0
1508710751.822598,372185.0,383696.0
1508710759.085504,372185.0,383696.0
1508710766.324704,372185.0,383696.0
1508710773.612595,372185.0,383696.0
1508710780.515915,372185.0,383696.0
1508710787.091378,372185.0,383696.0
1508710794.297142,372185.0,383696.0
1508710801.44339,372185.0,383696.0
1508710809.278149,372185.0,383696.0
1508710817.240883,372185.0,383696.0
1508710823.99506,372185.0,383696.0
1508710830.582427,372185.0,383696.0
1508710837.920859,372185.0,383696.0
1508710845.219847,372185.0,383696.0
1508710852.419229,372185.0,383696.0
1508710859.047247,372185.0,383696.0
1508710865.877989,372185.0,383696.0
1508710872.732334,372185.0,383696.0
1508710879.331941,372185.0,383696.0
1508710886.557832,372185.0,383696.0
1508710893.777127,372185.0,383696.0
1508710900.9661,372185.0,383696.0
1508710908.270537,372185.0,383696.0
1508710915.113874,372185.0,383696.0
1508710922.379584,372185.0,383696.0
1508710929.266809,372185.0,383696.0
1508710936.561152,372185.0,383696.0
1508710943.398432,372185.0,383696.0
1508710951.185314,372185.0,383696.0
1508710958.962645,372185.0,383696.0
1508710965.822169,372185.0,383696.0
1508710973.190696,372185.0,383696.0
1508710980.055212,372185.0,383696.0
1508710986.240656,373138.0,384678.0
1508710993.573692,373138.0,384678.0
1508711000.152602,373138.0,384678.0
1508711007.742235,373138.0,384678.0
1508711015.072326,373138.0,384678.0
1508711022.548402,373138.0,384678.0
1508711029.921457,373138.0,384678.0
1508711037.293126,373138.0,384678.0
1508711044.670135,373138.0,384678.0
1508711051.837043,373138.0,384678.0
1508711059.72117,373138.0,384678.0
1508711066.9959,373138.0,384678.0
1508711074.367951,373138.0,384678.0
1508711081.734556,373138.0,384678.0
1508711088.80004,373138.0,384678.0
1508711096.489438,373138.0,384678.0
1508711104.753783,373138.0,384678.0
1508711111.980706,373138.0,384678.0
1508711118.904606,373138.0,384678.0
1508711126.132092,373138.0,384678.0
1508711132.750173,373138.0,384678.0
1508711140.191082,373138.0,384678.0
1508711147.542987,373138.0,384678.0
1508711154.791305,373138.0,384678.0
1508711161.6083,373138.0,384678.0
1508711169.080975,373138.0,384678.0
1508711175.986491,373138.0,384678.0
1508711184.134839,373138.0,384678.0
1508711190.796823,373138.0,384678.0
1508711198.571324,373138.0,384678.0
1508711205.843764,373138.0,384678.0
1508711213.531707,373138.0,384678.0
1508711220.39609,373138.0,384678.0
1508711227.082736,373138.0,384678.0
1508711233.349182,373138.0,384678.0
1508711239.562725,373138.0,384678.0
1508711246.809836,373138.0,384678.0
1508711255.346349,373138.0,384678.0
1508711262.88942,373138.0,384678.0
1508711270.056958,373138.0,384678.0
1508711277.118612,373138.0,384678.0
1508711284.790359,373138.0,384678.0
1508711291.360739,372254.0,383767.0
1508711298.935008,372254.0,383767.0
1508711307.224316,372254.0,383767.0
1508711314.796217,372254.0,383767.0
1508711321.669747,372254.0,383767.0
1508711327.858166,372254.0,383767.0
1508711335.325995,372254.0,383767.0
1508711342.755579,372254.0,383767.0
1508711349.652882,372254.0,383767.0
1508711357.098136,372254.0,383767.0
1508711364.053743,372254.0,383767.0
1508711370.712735,372254.0,383767.0
1508711378.0316,372254.0,383767.0
1508711384.946945,372254.0,383767.0
1508711392.209622,372254.0,383767.0
1508711399.430427,372254.0,383767.0
1508711406.858233,372254.0,383767.0
1508711413.627404,372254.0,383767.0
1508711420.995156,372254.0,383767.0
1508711427.604553,372254.0,383767.0
1508711435.026646,372254.0,383767.0
1508711441.799461,372254.0,383767.0
1508711449.09994,372254.0,383767.0
1508711456.427459,372254.0,383767.0
1508711463.251005,372254.0,383767.0
1508711469.888611,372254.0,383767.0
1508711476.894164,372254.0,383767.0
1508711486.218207,372254.0,383767.0
1508711493.080196,372254.0,383767.0
1508711499.946037,372254.0,383767.0
1508711507.133293,372254.0,383767.0
1508711514.587447,372254.0,383767.0
1508711521.143029,372254.0,383767.0
1508711528.611875,372254.0,383767.0
1508711535.891425,372254.0,383767.0
1508711543.168963,372254.0,383767.0
1508711551.042419,372254.0,383767.0
1508711557.241903,372254.0,383767.0
1508711563.863636,372254.0,383767.0
1508711570.808311,372254.0,383767.0
1508711577.765367,372254.0,383767.0
1508711584.645589,372254.0,383767.0
1508711592.003078,371468.0,382957.0
1508711599.208909,371468.0,382957.0
1508711606.409858,371468.0,382957.0
1508711612.597811,371468.0,382957.0
1508711619.553338,371468.0,382957.0
1508711626.229305,371468.0,382957.0
1508711633.786586,371468.0,382957.0
1508711640.954487,371468.0,382957.0
1508711648.214462,371468.0,382957.0
1508711656.003306,371468.0,382957.0
1508711663.274742,371468.0,382957.0
1508711670.114528,371468.0,382957.0
1508711676.912868,371468.0,382957.0
1508711683.79441,371468.0,382957.0
1508711691.028277,371468.0,382957.0
1508711697.304037,371468.0,382957.0
1508711704.842908,371468.0,382957.0
1508711712.216062,371468.0,382957.0
1508711719.696097,371468.0,382957.0
1508711727.074426,371468.0,382957.0
1508711733.933048,371468.0,382957.0
1508711741.196021,371468.0,382957.0
1508711747.750477,371468.0,382957.0
1508711754.824525,371468.0,382957.0
1508711761.787382,371468.0,382957.0
1508711769.120598,371468.0,382957.0
1508711776.016511,371468.0,382957.0
1508711783.256257,371468.0,382957.0
1508711790.045169,371468.0,382957.0
1508711797.317516,371468.0,382957.0
1508711804.522903,371468.0,382957.0
1508711811.75736,371468.0,382957.0
1508711818.96553,371468.0,382957.0
1508711826.190705,371468.0,382957.0
1508711833.878532,371468.0,382957.0
1508711841.25028,371468.0,382957.0
1508711849.238158,371468.0,382957.0
1508711856.598383,371468.0,382957.0
1508711863.980822,371468.0,382957.0
1508711871.210095,371468.0,382957.0
1508711878.444677,371468.0,382957.0
1508711885.321377,371468.0,382957.0
1508711891.54668,371513.0,383003.0
1508711899.1043,371513.0,383003.0
1508711906.986658,371513.0,383003.0
1508711913.955577,371513.0,383003.0
1508711920.893469,371513.0,383003.0
1508711928.036499,371513.0,383003.0
1508711935.261344,371513.0,383003.0
1508711941.449594,371513.0,383003.0
1508711948.688879,371513.0,383003.0
1508711962.483138,371513.0,383003.0
1508711968.697482,371513.0,383003.0
1508711976.007635,371513.0,383003.0
1508711983.258144,371513.0,383003.0
1508711990.021811,371513.0,383003.0
1508711997.220623,371513.0,383003.0
1508712003.797619,371513.0,383003.0
1508712011.548868,371513.0,383003.0
1508712018.551198,371513.0,383003.0
1508712025.800397,371513.0,383003.0
1508712032.389144,371513.0,383003.0
1508712039.282107,371513.0,383003.0
1508712045.476009,371513.0,383003.0
1508712052.81132,371513.0,383003.0
1508712060.17821,371513.0,383003.0
1508712067.039605,371513.0,383003.0
1508712074.431339,371513.0,383003.0
1508712081.305408,371513.0,383003.0
1508712088.067083,371513.0,383003.0
1508712095.366354,371513.0,383003.0
1508712102.185051,371513.0,383003.0
1508712108.832121,371513.0,383003.0
1508712116.094239,371513.0,383003.0
1508712122.885665,371513.0,383003.0
1508712129.54548,371513.0,383003.0
1508712135.755237,371513.0,383003.0
1508712143.187293,371513.0,383003.0
1508712151.099464,371513.0,383003.0
1508712157.972982,371513.0,383003.0
1508712165.245652,371513.0,383003.0
1508712172.440807,371513.0,383003.0
1508712180.115016,371513.0,383003.0
1508712189.515121,371513.0,383003.0
1508712196.376198,372825.0,384356.0
1508712204.570695,372825.0,384356.0
1508712213.579773,372825.0,384356.0
1508712221.442499,372825.0,384356.0
1508712228.829773,372825.0,384356.0
1508712236.135425,372825.0,384356.0
1508712245.142818,372825.0,384356.0
1508712252.598166,372825.0,384356.0
1508712260.074698,372825.0,384356.0
1508712268.361517,372825.0,384356.0
1508712277.752335,372825.0,384356.0
1508712285.303472,372825.0,384356.0
1508712294.781105,372825.0,384356.0
1508712301.950943,372825.0,384356.0
1508712314.104589,372825.0,384356.0
1508712322.017636,372825.0,384356.0
1508712330.182797,372825.0,384356.0
1508712337.333295,372825.0,384356.0
1508712344.013299,372825.0,384356.0
1508712352.025665,372825.0,384356.0
1508712358.984136,372825.0,384356.0
1508712365.840513,372825.0,384356.0
1508712373.110449,372825.0,384356.0
1508712379.817188,372825.0,384356.0
1508712387.34946,372825.0,384356.0
1508712394.820889,372825.0,384356.0
1508712401.412005,372825.0,384356.0
1508712408.957409,372825.0,384356.0
1508712416.22798,372825.0,384356.0
1508712423.091916,372825.0,384356.0
1508712431.075193,372825.0,384356.0
1508712438.656921,372825.0,384356.0
1508712445.620291,372825.0,384356.0
1508712453.603608,372825.0,384356.0
1508712461.077755,372825.0,384356.0
1508712469.989751,372825.0,384356.0
1508712477.362142,372825.0,384356.0
1508712484.150207,372825.0,384356.0
1508712490.900643,372825.0,384356.0
1508712497.735572,372624.0,384148.0
1508712504.906413,372624.0,384148.0
1508712513.151758,372624.0,384148.0
1508712520.443387,372624.0,384148.0
1508712527.839328,372624.0,384148.0
1508712535.104946,372624.0,384148.0
1508712541.913992,372624.0,384148.0
1508712548.10127,372624.0,384148.0
1508712555.592244,372624.0,384148.0
1508712562.763662,372624.0,384148.0
1508712570.185023,372624.0,384148.0
1508712576.808046,372624.0,384148.0
1508712584.25814,372624.0,384148.0
1508712591.053316,372624.0,384148.0
1508712597.816454,372624.0,384148.0
1508712604.851369,372624.0,384148.0
1508712612.220322,372624.0,384148.0
1508712619.698826,372624.0,384148.0
1508712627.582653,372624.0,384148.0
1508712634.95452,372624.0,384148.0
1508712642.269291,372624.0,384148.0
1508712649.700488,372624.0,384148.0
1508712657.072962,372624.0,384148.0
1508712664.445388,372624.0,384148.0
1508712671.868041,372624.0,384148.0
1508712678.880678,372624.0,384148.0
1508712686.253243,372624.0,384148.0
1508712692.842005,372624.0,384148.0
1508712700.107398,372624.0,384148.0
1508712707.661903,372624.0,384148.0
1508712714.368725,372624.0,384148.0
1508712721.279625,372624.0,384148.0
1508712727.474144,372624.0,384148.0
1508712734.384794,372624.0,384148.0
1508712741.657208,372624.0,384148.0
1508712749.128087,372624.0,384148.0
1508712756.509108,372624.0,384148.0
1508712763.841643,372624.0,384148.0
1508712770.059738,372624.0,384148.0
1508712777.601621,372624.0,384148.0
1508712783.82435,372624.0,384148.0
1508712793.505442,372624.0,384148.0
1508712800.439118,371347.0,382832.0
1508712808.182231,371347.0,382832.0
1508712815.820003,371347.0,382832.0
1508712823.122334,371347.0,382832.0
1508712829.927853,371347.0,382832.0
1508712836.948806,371347.0,382832.0
1508712844.258634,371347.0,382832.0
1508712851.428498,371347.0,382832.0
1508712858.600851,371347.0,382832.0
1508712865.972106,371347.0,382832.0
1508712872.761551,371347.0,382832.0
1508712880.009591,371347.0,382832.0
1508712886.864561,371347.0,382832.0
1508712894.195971,371347.0,382832.0
1508712900.994531,371347.0,382832.0
1508712909.398799,371347.0,382832.0
1508712916.247155,371347.0,382832.0
1508712923.056726,371347.0,382832.0
1508712929.996974,371347.0,382832.0
1508712937.347328,371347.0,382832.0
1508712944.627098,371347.0,382832.0
1508712951.776287,371347.0,382832.0
1508712959.151864,371347.0,382832.0
1508712966.122365,371347.0,382832.0
1508712973.413887,371347.0,382832.0
1508712980.882109,371347.0,382832.0
1508712987.052189,371347.0,382832.0
1508712993.974463,371347.0,382832.0
1508713000.833166,371347.0,382832.0
1508713008.14483,371347.0,382832.0
1508713015.359208,371347.0,382832.0
1508713022.154737,371347.0,382832.0
1508713029.037434,371347.0,382832.0
1508713036.259992,371347.0,382832.0
1508713043.082033,371347.0,382832.0
1508713049.270336,371347.0,382832.0
1508713056.153307,371347.0,382832.0
1508713062.330757,371347.0,382832.0
1508713068.936065,371347.0,382832.0
1508713075.487644,371347.0,382832.0
1508713082.853979,371347.0,382832.0
1508713089.71799,371347.0,382832.0
1508713096.990241,370592.0,382054.0
1508713103.849323,370592.0,382054.0
1508713110.500734,370592.0,382054.0
1508713117.668838,370592.0,382054.0
1508713124.263714,370592.0,382054.0
1508713131.903091,370592.0,382054.0
1508713139.175583,370592.0,382054.0
1508713146.049205,370592.0,382054.0
1508713152.895298,370592.0,382054.0
1508713159.578146,370592.0,382054.0
1508713166.947767,370592.0,382054.0
1508713174.303646,370592.0,382054.0
1508713181.567352,370592.0,382054.0
1508713188.431795,370592.0,382054.0
1508713196.008561,370592.0,382054.0
1508713203.166823,370592.0,382054.0
1508713210.449456,370592.0,382054.0
1508713217.407543,370592.0,382054.0
1508713224.093577,370592.0,382054.0
1508713231.3386,370592.0,382054.0
1508713237.521111,370592.0,382054.0
1508713244.892323,370592.0,382054.0
1508713252.132729,370592.0,382054.0
1508713259.40006,370592.0,382054.0
1508713266.187635,370592.0,382054.0
1508713273.014445,370592.0,382054.0
1508713280.232807,370592.0,382054.0
1508713287.509515,370592.0,382054.0
1508713294.085066,370592.0,382054.0
1508713300.686199,370592.0,382054.0
1508713307.336922,370592.0,382054.0
1508713314.082374,370592.0,382054.0
1508713321.319274,370592.0,382054.0
1508713328.610671,370592.0,382054.0
1508713335.281155,370592.0,382054.0
1508713343.504629,370592.0,382054.0
1508713350.170402,370592.0,382054.0
1508713356.991112,370592.0,382054.0
1508713364.276946,370592.0,382054.0
1508713371.561724,370592.0,382054.0
1508713377.733318,370592.0,382054.0
1508713384.999618,370592.0,382054.0
1508713392.209555,370592.0,382054.0
1508713398.963858,370063.0,381508.0
1508713406.269022,370063.0,381508.0
1508713413.111652,370063.0,381508.0
1508713420.984744,370063.0,381508.0
1508713428.484183,370063.0,381508.0
1508713435.423099,370063.0,381508.0
1508713442.688311,370063.0,381508.0
1508713448.899833,370063.0,381508.0
1508713455.697972,370063.0,381508.0
1508713463.204339,370063.0,381508.0
1508713470.547094,370063.0,381508.0
1508713477.159977,370063.0,381508.0
1508713484.167089,370063.0,381508.0
1508713491.341617,370063.0,381508.0
1508713498.296554,370063.0,381508.0
1508713505.102118,370063.0,381508.0
1508713512.941687,370063.0,381508.0
1508713519.535333,370063.0,381508.0
1508713527.098359,370063.0,381508.0
1508713533.75361,370063.0,381508.0
1508713540.593144,370063.0,381508.0
1508713547.452551,370063.0,381508.0
1508713554.867701,370063.0,381508.0
1508713562.414662,370063.0,381508.0
1508713569.268128,370063.0,381508.0
1508713576.451679,370063.0,381508.0
1508713583.797829,370063.0,381508.0
1508713590.761903,370063.0,381508.0
1508713597.6694,370063.0,381508.0
1508713604.959309,370063.0,381508.0
1508713612.169517,370063.0,381508.0
1508713619.435594,370063.0,381508.0
1508713626.230688,370063.0,381508.0
1508713632.519305,370063.0,381508.0
1508713639.743219,370063.0,381508.0
1508713647.595603,370063.0,381508.0
1508713654.658979,370063.0,381508.0
1508713661.853493,370063.0,381508.0
1508713669.099853,370063.0,381508.0
1508713676.189078,370063.0,381508.0
1508713683.428218,370063.0,381508.0
1508713690.232182,370063.0,381508.0
1508713697.572766,370063.0,381508.0
1508713703.744361,371614.0,383107.0
1508713710.599912,371614.0,383107.0
1508713717.844909,371614.0,383107.0
1508713725.628632,371614.0,383107.0
1508713732.198947,371614.0,383107.0
1508713739.455793,371614.0,383107.0
1508713746.61853,371614.0,383107.0
1508713753.484213,371614.0,383107.0
1508713760.046838,371614.0,383107.0
1508713767.308632,371614.0,383107.0
1508713774.672338,371614.0,383107.0
1508713781.538342,371614.0,383107.0
1508713788.262179,371614.0,383107.0
1508713795.568089,371614.0,383107.0
1508713802.790462,371614.0,383107.0
1508713809.362354,371614.0,383107.0
1508713818.297935,371614.0,383107.0
1508713825.163648,371614.0,383107.0
1508713832.535082,371614.0,383107.0
1508713839.803451,371614.0,383107.0
1508713846.506641,371614.0,383107.0
1508713852.692401,371614.0,383107.0
1508713860.435859,371614.0,383107.0
1508713868.026035,371614.0,383107.0
1508713874.82928,371614.0,383107.0
1508713882.199864,371614.0,383107.0
1508713889.159644,371614.0,383107.0
1508713896.125072,371614.0,383107.0
1508713902.737118,371614.0,383107.0
1508713909.353606,371614.0,383107.0
1508713916.648382,371614.0,383107.0
1508713923.56326,371614.0,383107.0
1508713930.59552,371614.0,383107.0
1508713937.90626,371614.0,383107.0
1508713944.210046,371614.0,383107.0
1508713952.039855,371614.0,383107.0
1508713959.307676,371614.0,383107.0
1508713966.371388,371614.0,383107.0
1508713973.743924,371614.0,383107.0
1508713981.018062,371614.0,383107.0
1508713987.794657,371614.0,383107.0
1508713995.646537,371614.0,383107.0
1508714002.924935,371614.0,383107.0
1508714010.222687,372887.0,384420.0
1508714016.477871,372887.0,384420.0
1508714024.334491,372887.0,384420.0
1508714031.605595,372887.0,384420.0
1508714038.900744,372887.0,384420.0
1508714045.782307,372887.0,384420.0
1508714052.085444,372887.0,384420.0
1508714058.684151,372887.0,384420.0
1508714065.908284,372887.0,384420.0
1508714072.461791,372887.0,384420.0
1508714079.795572,372887.0,384420.0
1508714086.694065,372887.0,384420.0
1508714094.002202,372887.0,384420.0
1508714100.92928,372887.0,384420.0
1508714107.498988,372887.0,384420.0
1508714114.337188,372887.0,384420.0
1508714122.056073,372887.0,384420.0
1508714129.391376,372887.0,384420.0
1508714136.762185,372887.0,384420.0
1508714143.631895,372887.0,384420.0
1508714150.339707,372887.0,384420.0
1508714157.250039,372887.0,384420.0
1508714164.550854,372887.0,384420.0
1508714172.603305,372887.0,384420.0
1508714179.370292,372887.0,384420.0
1508714186.062803,372887.0,384420.0
1508714192.257817,372887.0,384420.0
1508714199.541559,372887.0,384420.0
1508714206.218802,372887.0,384420.0
1508714213.002325,372887.0,384420.0
1508714219.592979,372887.0,384420.0
1508714226.477873,372887.0,384420.0
1508714233.669975,372887.0,384420.0
1508714241.009963,372887.0,384420.0
1508714247.683251,372887.0,384420.0
1508714255.553147,372887.0,384420.0
1508714262.825575,372887.0,384420.0
1508714269.63104,372887.0,384420.0
1508714276.905256,372887.0,384420.0
1508714284.074188,372887.0,384420.0
1508714290.764718,372887.0,384420.0
1508714297.339522,372887.0,384420.0
1508714304.63659,372887.0,384420.0
1508714311.84018,372712.0,384239.0
1508714318.545442,372712.0,384239.0
1508714326.393259,372712.0,384239.0
1508714332.998441,372712.0,384239.0
1508714339.962747,372712.0,384239.0
1508714347.568916,372712.0,384239.0
1508714354.431048,372712.0,384239.0
1508714361.721423,372712.0,384239.0
1508714369.010587,372712.0,384239.0
1508714375.63685,372712.0,384239.0
1508714381.978973,372712.0,384239.0
1508714389.253839,372712.0,384239.0
1508714396.355069,372712.0,384239.0
1508714403.20972,372712.0,384239.0
1508714410.589858,372712.0,384239.0
1508714417.845514,372712.0,384239.0
1508714425.23291,372712.0,384239.0
1508714432.480105,372712.0,384239.0
1508714439.772588,372712.0,384239.0
1508714447.041596,372712.0,384239.0
1508714453.845212,372712.0,384239.0
1508714460.650769,372712.0,384239.0
1508714467.432944,372712.0,384239.0
1508714474.794032,372712.0,384239.0
1508714482.166625,372712.0,384239.0
1508714489.542456,372712.0,384239.0
1508714496.352607,372712.0,384239.0
1508714502.97478,372712.0,384239.0
1508714510.440442,372712.0,384239.0
1508714517.24609,372712.0,384239.0
1508714524.035765,372712.0,384239.0
1508714532.24142,372712.0,384239.0
1508714540.666549,372712.0,384239.0
1508714546.869696,372712.0,384239.0
1508714554.259013,372712.0,384239.0
1508714560.454421,372712.0,384239.0
1508714566.992178,372712.0,384239.0
1508714573.462838,372712.0,384239.0
1508714580.780329,372712.0,384239.0
1508714586.958548,372712.0,384239.0
1508714594.347423,372712.0,384239.0
1508714600.985499,372712.0,384239.0
1508714607.775727,372712.0,384239.0
1508714615.026393,373200.0,384743.0
1508714622.346705,373200.0,384743.0
1508714629.968676,373200.0,384743.0
1508714636.992002,373200.0,384743.0
1508714643.179877,373200.0,384743.0
1508714649.8187,373200.0,384743.0
1508714657.274835,373200.0,384743.0
1508714664.180371,373200.0,384743.0
1508714670.562117,373200.0,384743.0
1508714677.770328,373200.0,384743.0
1508714683.976355,373200.0,384743.0
1508714691.049806,373200.0,384743.0
1508714697.657078,373200.0,384743.0
1508714704.24955,373200.0,384743.0
1508714712.669177,373200.0,384743.0
1508714719.958257,373200.0,384743.0
1508714727.264029,373200.0,384743.0
1508714734.827671,373200.0,384743.0
1508714742.069454,373200.0,384743.0
1508714748.915598,373200.0,384743.0
1508714755.129691,373200.0,384743.0
1508714762.346446,373200.0,384743.0
1508714768.543111,373200.0,384743.0
1508714774.71421,373200.0,384743.0
1508714781.691114,373200.0,384743.0
1508714788.956221,373200.0,384743.0
1508714795.819063,373200.0,384743.0
1508714803.192451,373200.0,384743.0
1508714809.997083,373200.0,384743.0
1508714816.606285,373200.0,384743.0
1508714823.464378,373200.0,384743.0
1508714830.429995,373200.0,384743.0
1508714837.652365,373200.0,384743.0
1508714844.900826,373200.0,384743.0
1508714851.13451,373200.0,384743.0
1508714858.901658,373200.0,384743.0
1508714865.758432,373200.0,384743.0
1508714873.233659,373200.0,384743.0
1508714879.834316,373200.0,384743.0
1508714886.723769,373200.0,384743.0
1508714894.022979,373200.0,384743.0
1508714900.603628,373200.0,384743.0
1508714908.04935,373200.0,384743.0
1508714915.422383,374132.0,385704.0
1508714922.801088,374132.0,385704.0
1508714931.060874,374132.0,385704.0
1508714937.949681,374132.0,385704.0
1508714945.138787,374132.0,385704.0
1508714952.494635,374132.0,385704.0
1508714958.689161,374132.0,385704.0
1508714966.005355,374132.0,385704.0
1508714973.488294,374132.0,385704.0
1508714980.307659,374132.0,385704.0
1508714987.536454,374132.0,385704.0
1508714993.734508,374132.0,385704.0
1508715000.718326,374132.0,385704.0
1508715008.054764,374132.0,385704.0
1508715015.387028,374132.0,385704.0
1508715023.862135,374132.0,385704.0
1508715031.032533,374132.0,385704.0
1508715037.596081,374132.0,385704.0
1508715043.896639,374132.0,385704.0
1508715051.040048,374132.0,385704.0
1508715058.379421,374132.0,385704.0
1508715065.750366,374132.0,385704.0
1508715073.203784,374132.0,385704.0
1508715080.057599,374132.0,385704.0
1508715087.252458,374132.0,385704.0
1508715094.625048,374132.0,385704.0
1508715101.586533,374132.0,385704.0
1508715107.761351,374132.0,385704.0
1508715115.183263,374132.0,385704.0
1508715121.36896,374132.0,385704.0
1508715128.036047,374132.0,385704.0
1508715135.480583,374132.0,385704.0
1508715143.881046,374132.0,385704.0
1508715150.460125,374132.0,385704.0
1508715157.73089,374132.0,385704.0
1508715164.347577,374132.0,385704.0
1508715170.936137,374132.0,385704.0
1508715177.473081,374132.0,385704.0
1508715184.612993,374132.0,385704.0
1508715191.177937,374132.0,385704.0
1508715198.664199,374132.0,385704.0
1508715206.037068,374132.0,385704.0
1508715212.658367,374132.0,385704.0
1508715219.891555,375202.0,386807.0
1508715226.680758,375202.0,386807.0
1508715234.508227,375202.0,386807.0
1508715243.310881,375202.0,386807.0
1508715250.583364,375202.0,386807.0
1508715257.338787,375202.0,386807.0
1508715265.635677,375202.0,386807.0
1508715272.499662,375202.0,386807.0
1508715278.687913,375202.0,386807.0
1508715285.888179,375202.0,386807.0
1508715292.09208,375202.0,386807.0
1508715298.946903,375202.0,386807.0
1508715306.904458,375202.0,386807.0
1508715314.784784,375202.0,386807.0
1508715321.363552,375202.0,386807.0
1508715328.927409,375202.0,386807.0
1508715335.119389,375202.0,386807.0
1508715341.723071,375202.0,386807.0
1508715348.317995,375202.0,386807.0
1508715355.750859,375202.0,386807.0
1508715363.635777,375202.0,386807.0
1508715370.91132,375202.0,386807.0
1508715377.767559,375202.0,386807.0
1508715384.607256,375202.0,386807.0
1508715391.429571,375202.0,386807.0
1508715398.24693,375202.0,386807.0
1508715405.442971,375202.0,386807.0
1508715412.272512,375202.0,386807.0
1508715419.111438,375202.0,386807.0
1508715425.997928,375202.0,386807.0
1508715432.191284,375202.0,386807.0
1508715439.099532,375202.0,386807.0
1508715446.47356,375202.0,386807.0
1508715453.334582,375202.0,386807.0
1508715460.499527,375202.0,386807.0
1508715467.71167,375202.0,386807.0
1508715474.294066,375202.0,386807.0
1508715481.186232,375202.0,386807.0
1508715487.973043,375202.0,386807.0
1508715495.29586,375202.0,386807.0
1508715502.8123,375202.0,386807.0
1508715509.639895,375202.0,386807.0
1508715516.211444,375202.0,386807.0
1508715523.067089,375390.0,387000.0
1508715529.905951,375390.0,387000.0
1508715537.746687,375390.0,387000.0
1508715544.522508,375390.0,387000.0
1508715550.890415,375390.0,387000.0
1508715558.07962,375390.0,387000.0
1508715564.65514,375390.0,387000.0
1508715571.052135,375390.0,387000.0
1508715577.858944,375390.0,387000.0
1508715584.440151,375390.0,387000.0
1508715591.278088,375390.0,387000.0
1508715597.553373,375390.0,387000.0
1508715604.816977,375390.0,387000.0
1508715612.161507,375390.0,387000.0
1508715620.04575,375390.0,387000.0
1508715627.268351,375390.0,387000.0
1508715634.689929,375390.0,387000.0
1508715641.903609,375390.0,387000.0
1508715648.71684,375390.0,387000.0
1508715655.884858,375390.0,387000.0
1508715662.073312,375390.0,387000.0
1508715668.70155,375390.0,387000.0
1508715678.284876,375390.0,387000.0
1508715685.169987,375390.0,387000.0
1508715692.544844,375390.0,387000.0
1508715699.985262,375390.0,387000.0
1508715707.295385,375390.0,387000.0
1508715714.121228,375390.0,387000.0
1508715721.426939,375390.0,387000.0
1508715728.282475,375390.0,387000.0
1508715735.655083,375390.0,387000.0
1508715742.931143,375390.0,387000.0
1508715750.839599,375390.0,387000.0
1508715758.188162,375390.0,387000.0
1508715764.972737,375390.0,387000.0
1508715771.637972,375390.0,387000.0
1508715778.873114,375390.0,387000.0
1508715785.728094,375390.0,387000.0
1508715793.060089,375390.0,387000.0
1508715801.236152,375390.0,387000.0
1508715808.458773,375390.0,387000.0
1508715814.694373,375390.0,387000.0
1508715821.97991,373934.0,385499.0
1508715829.91385,373934.0,385499.0
1508715838.252893,373934.0,385499.0
1508715845.73301,373934.0,385499.0
1508715853.004332,373934.0,385499.0
1508715859.861454,373934.0,385499.0
1508715867.243855,373934.0,385499.0
1508715874.514592,373934.0,385499.0
1508715881.786863,373934.0,385499.0
1508715888.644354,373934.0,385499.0
1508715895.914772,373934.0,385499.0
1508715903.289413,373934.0,385499.0
1508715910.659919,373934.0,385499.0
1508715918.206722,373934.0,385499.0
1508715925.38529,373934.0,385499.0
1508715932.675419,373934.0,385499.0
1508715939.534093,373934.0,385499.0
1508715946.317327,373934.0,385499.0
1508715952.512155,373934.0,385499.0
1508715958.70046,373934.0,385499.0
1508715965.956227,373934.0,385499.0
1508715972.772781,373934.0,385499.0
1508715979.984042,373934.0,385499.0
1508715987.239988,373934.0,385499.0
1508715994.112083,373934.0,385499.0
1508716001.301202,373934.0,385499.0
1508716008.085163,373934.0,385499.0
1508716014.87124,373934.0,385499.0
1508716021.048504,373934.0,385499.0
1508716028.547613,373934.0,385499.0
1508716035.793975,373934.0,385499.0
1508716042.751117,373934.0,385499.0
1508716050.639946,373934.0,385499.0
1508716057.824177,373934.0,385499.0
1508716064.022501,373934.0,385499.0
1508716070.206385,373934.0,385499.0
1508716076.427912,373934.0,385499.0
1508716083.306,373934.0,385499.0
1508716090.589356,373934.0,385499.0
1508716097.210098,373934.0,385499.0
1508716104.609343,373934.0,385499.0
1508716111.572702,373934.0,385499.0
1508716118.155468,373934.0,385499.0
1508716124.982568,374702.0,386291.0
1508716131.997834,374702.0,386291.0
1508716139.27834,374702.0,386291.0
1508716146.183809,374702.0,386291.0
1508716153.449852,374702.0,386291.0
1508716160.245144,374702.0,386291.0
1508716167.009913,374702.0,386291.0
1508716174.339692,374702.0,386291.0
1508716181.119336,374702.0,386291.0
1508716187.961219,374702.0,386291.0
1508716195.223142,374702.0,386291.0
1508716202.095374,374702.0,386291.0
1508716209.365902,374702.0,386291.0
1508716216.223184,374702.0,386291.0
1508716223.599596,374702.0,386291.0
1508716230.901635,374702.0,386291.0
1508716237.690488,374702.0,386291.0
1508716243.878657,374702.0,386291.0
1508716250.834228,374702.0,386291.0
1508716257.689876,374702.0,386291.0
1508716264.895622,374702.0,386291.0
1508716271.553156,374702.0,386291.0
1508716278.588356,374702.0,386291.0
1508716284.773856,374702.0,386291.0
1508716292.098639,374702.0,386291.0
1508716299.379869,374702.0,386291.0
1508716306.241805,374702.0,386291.0
1508716313.501214,374702.0,386291.0
1508716320.362403,374702.0,386291.0
1508716327.629267,374702.0,386291.0
1508716334.784944,374702.0,386291.0
1508716341.659274,374702.0,386291.0
1508716348.519483,374702.0,386291.0
1508716356.41404,374702.0,386291.0
1508716363.274458,374702.0,386291.0
1508716369.952498,374702.0,386291.0
1508716376.272624,374702.0,386291.0
1508716383.515931,374702.0,386291.0
1508716390.362771,374702.0,386291.0
1508716397.783704,374702.0,386291.0
1508716404.640662,374702.0,386291.0
1508716411.242844,374702.0,386291.0
1508716417.43141,374702.0,386291.0
1508716424.018922,374702.0,386291.0
1508716430.861269,373747.0,385306.0
1508716438.741985,373747.0,385306.0
1508716445.60551,373747.0,385306.0
1508716452.468278,373747.0,385306.0
1508716459.735001,373747.0,385306.0
1508716466.323482,373747.0,385306.0
1508716473.105539,373747.0,385306.0
1508716480.418121,373747.0,385306.0
1508716487.241759,373747.0,385306.0
1508716493.938174,373747.0,385306.0
1508716500.796552,373747.0,385306.0
1508716506.988793,373747.0,385306.0
1508716515.53766,373747.0,385306.0
1508716522.364294,373747.0,385306.0
1508716529.581048,373747.0,385306.0
1508716535.770196,373747.0,385306.0
1508716542.98505,373747.0,385306.0
1508716549.84656,373747.0,385306.0
1508716557.071474,373747.0,385306.0
1508716563.946341,373747.0,385306.0
1508716570.590471,373747.0,385306.0
1508716578.009285,373747.0,385306.0
1508716584.83518,373747.0,385306.0
1508716592.007541,373747.0,385306.0
1508716599.405607,373747.0,385306.0
1508716606.728149,373747.0,385306.0
1508716614.047284,373747.0,385306.0
1508716621.014119,373747.0,385306.0
1508716628.286488,373747.0,385306.0
1508716635.094419,373747.0,385306.0
1508716642.314463,373747.0,385306.0
1508716649.687077,373747.0,385306.0
1508716657.05961,373747.0,385306.0
1508716663.624059,373747.0,385306.0
1508716670.852112,373747.0,385306.0
1508716677.704927,373747.0,385306.0
1508716684.321993,373747.0,385306.0
1508716691.259403,373747.0,385306.0
1508716698.525951,373747.0,385306.0
1508716705.348354,373747.0,385306.0
1508716712.253805,373747.0,385306.0
1508716719.626427,373747.0,385306.0
1508716725.848099,373747.0,385306.0
1508716732.837056,373747.0,385306.0
1508716740.22487,373747.0,385306.0
1508716746.473072,373747.0,385306.0
1508716753.727683,373747.0,385306.0
1508716760.991367,373747.0,385306.0
1508716768.265312,373747.0,385306.0
1508716775.455468,373747.0,385306.0
1508716782.805364,373747.0,385306.0
1508716788.981903,373747.0,385306.0
1508716795.770748,373747.0,385306.0
1508716803.287276,373747.0,385306.0
1508716810.430353,373747.0,385306.0
1508716817.855496,373747.0,385306.0
1508716824.677139,373747.0,385306.0
1508716831.247605,373747.0,385306.0
1508716838.518718,373747.0,385306.0
1508716845.577287,373747.0,385306.0
1508716852.515124,373747.0,385306.0
1508716859.813168,373747.0,385306.0
1508716866.610619,373747.0,385306.0
1508716873.631438,373747.0,385306.0
1508716880.391982,373747.0,385306.0
1508716887.72781,373747.0,385306.0
1508716894.199575,373747.0,385306.0
1508716900.804788,373747.0,385306.0
1508716908.177513,373747.0,385306.0
1508716915.459651,373747.0,385306.0
1508716922.666307,373747.0,385306.0
1508716929.26456,373747.0,385306.0
1508716936.206738,373747.0,385306.0
1508716944.289488,373747.0,385306.0
1508716951.562034,373747.0,385306.0
1508716958.300825,373747.0,385306.0
1508716964.50109,373747.0,385306.0
1508716971.828373,373747.0,385306.0
1508716978.700557,373747.0,385306.0
1508716985.872406,373747.0,385306.0
1508716992.47772,373747.0,385306.0
1508716999.042651,373747.0,385306.0
1508717005.205205,373747.0,385306.0
1508717012.494159,373747.0,385306.0
1508717019.355964,373747.0,385306.0
1508717026.179862,373747.0,385306.0
1508717033.505289,373632.0,385188.0
1508717041.577077,373632.0,385188.0
1508717047.822597,373632.0,385188.0
1508717055.08838,373632.0,385188.0
1508717062.317439,373632.0,385188.0
1508717069.835923,373632.0,385188.0
1508717077.162688,373632.0,385188.0
1508717084.016405,373632.0,385188.0
1508717091.344161,373632.0,385188.0
1508717098.196289,373632.0,385188.0
1508717104.778888,373632.0,385188.0
1508717111.573442,373632.0,385188.0
1508717119.304516,373632.0,385188.0
1508717126.568807,373632.0,385188.0
1508717133.428401,373632.0,385188.0
1508717140.630138,373632.0,385188.0
1508717147.86932,373632.0,385188.0
1508717155.163825,373632.0,385188.0
1508717161.996831,373632.0,385188.0
1508717168.625394,373632.0,385188.0
1508717174.807586,373632.0,385188.0
1508717181.596223,373632.0,385188.0
1508717188.418231,373632.0,385188.0
1508717194.690181,373632.0,385188.0
1508717201.255595,373632.0,385188.0
1508717207.834044,373632.0,385188.0
1508717214.672861,373632.0,385188.0
1508717221.594889,373632.0,385188.0
1508717228.867416,373632.0,385188.0
1508717235.723038,373632.0,385188.0
1508717242.690526,373632.0,385188.0
1508717250.017711,373632.0,385188.0
1508717257.350166,373632.0,385188.0
1508717264.813016,373632.0,385188.0
1508717271.001138,373632.0,385188.0
1508717277.811732,373632.0,385188.0
1508717284.845679,373632.0,385188.0
1508717292.460647,373632.0,385188.0
1508717299.74101,373632.0,385188.0
1508717306.433242,373632.0,385188.0
1508717313.24673,373632.0,385188.0
1508717319.94518,373632.0,385188.0
1508717326.79361,373632.0,385188.0
1508717334.135056,372148.0,383658.0
1508717342.629714,372148.0,383658.0
1508717351.547734,372148.0,383658.0
1508717357.718688,372148.0,383658.0
1508717364.298371,372148.0,383658.0
1508717371.61501,372148.0,383658.0
1508717378.987821,372148.0,383658.0
1508717386.326893,372148.0,383658.0
1508717393.628247,372148.0,383658.0
1508717400.308666,372148.0,383658.0
1508717407.520441,372148.0,383658.0
1508717414.349443,372148.0,383658.0
1508717421.788628,372148.0,383658.0
1508717429.03318,372148.0,383658.0
1508717436.436109,372148.0,383658.0
1508717443.004022,372148.0,383658.0
1508717449.811579,372148.0,383658.0
1508717457.116921,372148.0,383658.0
1508717463.739005,372148.0,383658.0
1508717470.944711,372148.0,383658.0
1508717477.700096,372148.0,383658.0
1508717484.507945,372148.0,383658.0
1508717490.69383,372148.0,383658.0
1508717496.865479,372148.0,383658.0
1508717503.604288,372148.0,383658.0
1508717510.876705,372148.0,383658.0
1508717517.064909,372148.0,383658.0
1508717523.883936,372148.0,383658.0
1508717531.152135,372148.0,383658.0
1508717538.265384,372148.0,383658.0
1508717545.493356,372148.0,383658.0
1508717552.760209,372148.0,383658.0
1508717560.640239,372148.0,383658.0
1508717567.184913,372148.0,383658.0
1508717574.472633,372148.0,383658.0
1508717581.560026,372148.0,383658.0
1508717588.765998,372148.0,383658.0
1508717595.344158,372148.0,383658.0
1508717602.216459,372148.0,383658.0
1508717609.021922,372148.0,383658.0
1508717615.585112,372148.0,383658.0
1508717622.48991,372148.0,383658.0
1508717629.354915,372148.0,383658.0
1508717636.177733,372160.0,383671.0
1508717644.71721,372160.0,383671.0
1508717651.677398,372160.0,383671.0
1508717658.466418,372160.0,383671.0
1508717665.659507,372160.0,383671.0
1508717672.469914,372160.0,383671.0
1508717679.30661,372160.0,383671.0
1508717686.904713,372160.0,383671.0
1508717693.769033,372160.0,383671.0
1508717701.03075,372160.0,383671.0
1508717708.511778,372160.0,383671.0
1508717715.783234,372160.0,383671.0
1508717722.996501,372160.0,383671.0
1508717729.176959,372160.0,383671.0
1508717736.006964,372160.0,383671.0
1508717743.244851,372160.0,383671.0
1508717750.034828,372160.0,383671.0
1508717757.35517,372160.0,383671.0
1508717764.320245,372160.0,383671.0
1508717770.524471,372160.0,383671.0
1508717777.524413,372160.0,383671.0
1508717784.756672,372160.0,383671.0
1508717791.559897,372160.0,383671.0
1508717798.857349,372160.0,383671.0
1508717806.053542,372160.0,383671.0
1508717812.246531,372160.0,383671.0
1508717819.473665,372160.0,383671.0
1508717825.67823,372160.0,383671.0
1508717832.459967,372160.0,383671.0
1508717839.273372,372160.0,383671.0
1508717846.482605,372160.0,383671.0
1508717853.04404,372160.0,383671.0
1508717860.753476,372160.0,383671.0
1508717866.945081,372160.0,383671.0
1508717874.205818,372160.0,383671.0
1508717881.439899,372160.0,383671.0
1508717888.330895,372160.0,383671.0
1508717895.716624,372160.0,383671.0
1508717901.898086,372160.0,383671.0
1508717909.323655,372160.0,383671.0
1508717916.584893,372160.0,383671.0
1508717922.794272,372160.0,383671.0
1508717929.678599,372160.0,383671.0
1508717937.067901,372137.0,383646.0
1508717944.885354,372137.0,383646.0
1508717952.22963,372137.0,383646.0
1508717958.802032,372137.0,383646.0
1508717966.069402,372137.0,383646.0
1508717972.886257,372137.0,383646.0
1508717979.728352,372137.0,383646.0
1508717986.650585,372137.0,383646.0
1508717993.963522,372137.0,383646.0
1508718000.756686,372137.0,383646.0
1508718008.029799,372137.0,383646.0
1508718015.408152,372137.0,383646.0
1508718022.18125,372137.0,383646.0
1508718029.113324,372137.0,383646.0
1508718036.315168,372137.0,383646.0
1508718042.947708,372137.0,383646.0
1508718049.840455,372137.0,383646.0
1508718057.18974,372137.0,383646.0
1508718064.051525,372137.0,383646.0
1508718070.847843,372137.0,383646.0
1508718078.714435,372137.0,383646.0
1508718085.72907,372137.0,383646.0
1508718092.616763,372137.0,383646.0
1508718099.481267,372137.0,383646.0
1508718106.745402,372137.0,383646.0
1508718113.709341,372137.0,383646.0
1508718120.57741,372137.0,383646.0
1508718127.43689,372137.0,383646.0
1508718134.117076,372137.0,383646.0
1508718141.390286,372137.0,383646.0
1508718147.585969,372137.0,383646.0
1508718154.371233,372137.0,383646.0
1508718161.485298,372137.0,383646.0
1508718168.500709,372137.0,383646.0
1508718175.35867,372137.0,383646.0
1508718182.834347,372137.0,383646.0
1508718190.003813,372137.0,383646.0
1508718197.274295,372137.0,383646.0
1508718203.813513,372137.0,383646.0
1508718210.685626,372137.0,383646.0
1508718217.909292,372137.0,383646.0
1508718224.729548,372137.0,383646.0
1508718232.08744,372137.0,383646.0
1508718240.054669,371958.0,383462.0
1508718248.574049,371958.0,383462.0
1508718255.156003,371958.0,383462.0
1508718261.984098,371958.0,383462.0
1508718268.845721,371958.0,383462.0
1508718276.13938,371958.0,383462.0
1508718283.477554,371958.0,383462.0
1508718290.350876,371958.0,383462.0
1508718296.939358,371958.0,383462.0
1508718304.178433,371958.0,383462.0
1508718311.244497,371958.0,383462.0
1508718318.637965,371958.0,383462.0
1508718324.927095,371958.0,383462.0
1508718332.234279,371958.0,383462.0
1508718338.506049,371958.0,383462.0
1508718345.209507,371958.0,383462.0
1508718352.527137,371958.0,383462.0
1508718359.764805,371958.0,383462.0
1508718366.645014,371958.0,383462.0
1508718374.017809,371958.0,383462.0
1508718380.97755,371958.0,383462.0
1508718387.623922,371958.0,383462.0
1508718393.880561,371958.0,383462.0
1508718400.087666,371958.0,383462.0
1508718407.275039,371958.0,383462.0
1508718414.667089,371958.0,383462.0
1508718421.937883,371958.0,383462.0
1508718429.268799,371958.0,383462.0
1508718436.617407,371958.0,383462.0
1508718443.540082,371958.0,383462.0
1508718450.921044,371958.0,383462.0
1508718457.71804,371958.0,383462.0
1508718465.668109,371958.0,383462.0
1508718473.040942,371958.0,383462.0
1508718479.911208,371958.0,383462.0
1508718486.658021,371958.0,383462.0
1508718492.846307,371958.0,383462.0
1508718499.574384,371958.0,383462.0
1508718506.933236,371958.0,383462.0
1508718514.163446,371958.0,383462.0
1508718520.958162,371958.0,383462.0
1508718528.438264,371958.0,383462.0
1508718534.634461,371958.0,383462.0
1508718541.550178,371649.0,383143.0
1508718549.560351,371649.0,383143.0
1508718558.259989,371649.0,383143.0
1508718565.192901,371649.0,383143.0
1508718572.46929,371649.0,383143.0
1508718579.048646,371649.0,383143.0
1508718586.23779,371649.0,383143.0
1508718592.876378,371649.0,383143.0
1508718599.677762,371649.0,383143.0
1508718607.071066,371649.0,383143.0
1508718613.792991,371649.0,383143.0
1508718621.615562,371649.0,383143.0
1508718628.306434,371649.0,383143.0
1508718635.643978,371649.0,383143.0
1508718642.920061,371649.0,383143.0
1508718649.775736,371649.0,383143.0
1508718656.560526,371649.0,383143.0
1508718663.499616,371649.0,383143.0
1508718670.872181,371649.0,383143.0
1508718677.634769,371649.0,383143.0
1508718684.493614,371649.0,383143.0
1508718691.864442,371649.0,383143.0
1508718698.556688,371649.0,383143.0
1508718704.73421,371649.0,383143.0
1508718711.626526,371649.0,383143.0
1508718718.443605,371649.0,383143.0
1508718725.032276,371649.0,383143.0
1508718731.637481,371649.0,383143.0
1508718738.909533,371649.0,383143.0
1508718747.366772,371649.0,383143.0
1508718753.926408,371649.0,383143.0
1508718760.989678,371649.0,383143.0
1508718768.26273,371649.0,383143.0
1508718776.039735,371649.0,383143.0
1508718782.657037,371649.0,383143.0
1508718789.967496,371649.0,383143.0
1508718796.160738,371649.0,383143.0
1508718803.309592,371649.0,383143.0
1508718809.900233,371649.0,383143.0
1508718816.738887,371649.0,383143.0
1508718822.910457,371649.0,383143.0
1508718829.557065,371649.0,383143.0
1508718836.838538,371649.0,383143.0
1508718843.032511,371386.0,382872.0
1508718850.259353,371386.0,382872.0
1508718857.454953,371386.0,382872.0
1508718864.619289,371386.0,382872.0
1508718871.396857,371386.0,382872.0
1508718878.648441,371386.0,382872.0
1508718885.644213,371386.0,382872.0
1508718892.232678,371386.0,382872.0
1508718899.538644,371386.0,382872.0
1508718906.358937,371386.0,382872.0
1508718912.980986,371386.0,382872.0
1508718919.726043,371386.0,382872.0
1508718927.079008,371386.0,382872.0
1508718933.915945,371386.0,382872.0
1508718941.21797,371386.0,382872.0
1508718948.180847,371386.0,382872.0
1508718955.538713,371386.0,382872.0
1508718962.338732,371386.0,382872.0
1508718969.171564,371386.0,382872.0
1508718976.483046,371386.0,382872.0
1508718983.50573,371386.0,382872.0
1508718990.277329,371386.0,382872.0
1508718997.045944,371386.0,382872.0
1508719003.275663,371386.0,382872.0
1508719010.013092,371386.0,382872.0
1508719017.303588,371386.0,382872.0
1508719024.772644,371386.0,382872.0
1508719030.98281,371386.0,382872.0
1508719037.182025,371386.0,382872.0
1508719044.027936,371386.0,382872.0
1508719050.793019,371386.0,382872.0
1508719058.04878,371386.0,382872.0
1508719065.287963,371386.0,382872.0
1508719071.526291,371386.0,382872.0
1508719078.431705,371386.0,382872.0
1508719085.137262,371386.0,382872.0
1508719091.336953,371386.0,382872.0
1508719098.601469,371386.0,382872.0
1508719105.878648,371386.0,382872.0
1508719112.12547,371386.0,382872.0
1508719119.386738,371386.0,382872.0
1508719126.637091,371386.0,382872.0
1508719133.629316,371386.0,382872.0
1508719141.311954,371386.0,382872.0
1508719148.185326,371574.0,383066.0
1508719155.950927,371574.0,383066.0
1508719163.216257,371574.0,383066.0
1508719169.903955,371574.0,383066.0
1508719176.482204,371574.0,383066.0
1508719183.388059,371574.0,383066.0
1508719190.253947,371574.0,383066.0
1508719197.226961,371574.0,383066.0
1508719204.078868,371574.0,383066.0
1508719210.671022,371574.0,383066.0
1508719217.591962,371574.0,383066.0
1508719225.411393,371574.0,383066.0
1508719232.673549,371574.0,383066.0
1508719239.560696,371574.0,383066.0
1508719246.474075,371574.0,383066.0
1508719253.710883,371574.0,383066.0
1508719259.893646,371574.0,383066.0
1508719266.665086,371574.0,383066.0
1508719273.326441,371574.0,383066.0
1508719280.15998,371574.0,383066.0
1508719287.020338,371574.0,383066.0
1508719294.39367,371574.0,383066.0
1508719300.609348,371574.0,383066.0
1508719306.844495,371574.0,383066.0
1508719313.478203,371574.0,383066.0
1508719320.075265,371574.0,383066.0
1508719327.364505,371574.0,383066.0
1508719334.227641,371574.0,383066.0
1508719341.087066,371574.0,383066.0
1508719347.952982,371574.0,383066.0
1508719355.109716,371574.0,383066.0
1508719362.39251,371574.0,383066.0
1508719369.247944,371574.0,383066.0
1508719376.370345,371574.0,383066.0
1508719382.998478,371574.0,383066.0
1508719390.244171,371574.0,383066.0
1508719397.203742,371574.0,383066.0
1508719404.526122,371574.0,383066.0
1508719411.441132,371574.0,383066.0
1508719418.402576,371574.0,383066.0
1508719425.364931,371574.0,383066.0
1508719432.265053,371574.0,383066.0
1508719438.849359,371574.0,383066.0
1508719446.659926,372324.0,383840.0
1508719454.411365,372324.0,383840.0
1508719461.103898,372324.0,383840.0
1508719468.37732,372324.0,383840.0
1508719474.965928,372324.0,383840.0
1508719481.871534,372324.0,383840.0
1508719489.260741,372324.0,383840.0
1508719496.127949,372324.0,383840.0
1508719503.326594,372324.0,383840.0
1508719509.925579,372324.0,383840.0
1508719516.813303,372324.0,383840.0
1508719524.181705,372324.0,383840.0
1508719531.396429,372324.0,383840.0
1508719538.722342,372324.0,383840.0
1508719545.956184,372324.0,383840.0
1508719552.858643,372324.0,383840.0
1508719560.333286,372324.0,383840.0
1508719567.290991,372324.0,383840.0
1508719574.562262,372324.0,383840.0
1508719581.31776,372324.0,383840.0
1508719588.185187,372324.0,383840.0
1508719594.778537,372324.0,383840.0
1508719602.208328,372324.0,383840.0
1508719609.037964,372324.0,383840.0
1508719616.344302,372324.0,383840.0
1508719622.546036,372324.0,383840.0
1508719629.356163,372324.0,383840.0
1508719635.957663,372324.0,383840.0
1508719642.756893,372324.0,383840.0
1508719650.031739,372324.0,383840.0
1508719657.445381,372324.0,383840.0
1508719664.631642,372324.0,383840.0
1508719670.838071,372324.0,383840.0
1508719678.311904,372324.0,383840.0
1508719684.98258,372324.0,383840.0
1508719691.572686,372324.0,383840.0
1508719698.3634,372324.0,383840.0
1508719705.295074,372324.0,383840.0
1508719712.462593,372324.0,383840.0
1508719719.065255,372324.0,383840.0
1508719725.876457,372324.0,383840.0
1508719732.705614,372324.0,383840.0
1508719739.977192,372324.0,383840.0
1508719746.248309,371510.0,383000.0
1508719754.23948,371510.0,383000.0
1508719761.028181,371510.0,383000.0
1508719768.305733,371510.0,383000.0
1508719774.488667,371510.0,383000.0
1508719781.060976,371510.0,383000.0
1508719787.675244,371510.0,383000.0
1508719794.859433,371510.0,383000.0
1508719801.673312,371510.0,383000.0
1508719808.54961,371510.0,383000.0
1508719815.822156,371510.0,383000.0
1508719823.294767,371510.0,383000.0
1508719831.084367,371510.0,383000.0
1508719838.556839,371510.0,383000.0
1508719845.807635,371510.0,383000.0
1508719853.035236,371510.0,383000.0
1508719860.338256,371510.0,383000.0
1508719867.513474,371510.0,383000.0
1508719874.703039,371510.0,383000.0
1508719881.565572,371510.0,383000.0
1508719888.423726,371510.0,383000.0
1508719895.647893,371510.0,383000.0
1508719902.272864,371510.0,383000.0
1508719908.479655,371510.0,383000.0
1508719915.251097,371510.0,383000.0
1508719922.472712,371510.0,383000.0
1508719929.711526,371510.0,383000.0
1508719936.552238,371510.0,383000.0
1508719943.407534,371510.0,383000.0
1508719950.646803,371510.0,383000.0
1508719958.452841,371510.0,383000.0
1508719965.714218,371510.0,383000.0
1508719972.963875,371510.0,383000.0
1508719980.325663,371510.0,383000.0
1508719986.558842,371510.0,383000.0
1508719993.907457,371510.0,383000.0
1508720000.205358,371510.0,383000.0
1508720006.453094,371510.0,383000.0
1508720013.281409,371510.0,383000.0
1508720020.536112,371510.0,383000.0
1508720027.895148,371510.0,383000.0
1508720035.093256,371510.0,383000.0
1508720041.752891,371510.0,383000.0
1508720049.092074,372268.0,383781.0
1508720056.688768,372268.0,383781.0
1508720063.527375,372268.0,383781.0
1508720071.00192,372268.0,383781.0
1508720077.898526,372268.0,383781.0
1508720085.054355,372268.0,383781.0
1508720092.301535,372268.0,383781.0
1508720099.165529,372268.0,383781.0
1508720106.498955,372268.0,383781.0
1508720113.400844,372268.0,383781.0
1508720121.383372,372268.0,383781.0
1508720127.970017,372268.0,383781.0
1508720135.411422,372268.0,383781.0
1508720142.402862,372268.0,383781.0
1508720149.622543,372268.0,383781.0
1508720156.537577,372268.0,383781.0
1508720163.238249,372268.0,383781.0
1508720169.455266,372268.0,383781.0
1508720176.02708,372268.0,383781.0
1508720182.82471,372268.0,383781.0
1508720189.788218,372268.0,383781.0
1508720196.601261,372268.0,383781.0
1508720203.512878,372268.0,383781.0
1508720209.720695,372268.0,383781.0
1508720216.721113,372268.0,383781.0
1508720223.995051,372268.0,383781.0
1508720231.361743,372268.0,383781.0
1508720238.543912,372268.0,383781.0
1508720245.183292,372268.0,383781.0
1508720251.867092,372268.0,383781.0
1508720259.238975,372268.0,383781.0
1508720266.076447,372268.0,383781.0
1508720272.921381,372268.0,383781.0
1508720280.211121,372268.0,383781.0
1508720286.395832,372268.0,383781.0
1508720293.209148,372268.0,383781.0
1508720299.838646,372268.0,383781.0
1508720306.566142,372268.0,383781.0
1508720313.828818,372268.0,383781.0
1508720320.025704,372268.0,383781.0
1508720326.214027,372268.0,383781.0
1508720332.786722,372268.0,383781.0
1508720339.357855,372268.0,383781.0
1508720346.253631,372268.0,383781.0
1508720353.934731,372262.0,383775.0
1508720361.82598,372262.0,383775.0
1508720368.054808,372262.0,383775.0
1508720375.353457,372262.0,383775.0
1508720382.649282,372262.0,383775.0
1508720389.453318,372262.0,383775.0
1508720396.742241,372262.0,383775.0
1508720403.602672,372262.0,383775.0
1508720410.975403,372262.0,383775.0
1508720417.781653,372262.0,383775.0
1508720425.226529,372262.0,383775.0
1508720431.889829,372262.0,383775.0
1508720438.83166,372262.0,383775.0
1508720446.100422,372262.0,383775.0
1508720452.906745,372262.0,383775.0
1508720460.229579,372262.0,383775.0
1508720467.070507,372262.0,383775.0
1508720473.949063,372262.0,383775.0
1508720481.432105,372262.0,383775.0
1508720488.303465,372262.0,383775.0
1508720495.549738,372262.0,383775.0
1508720502.419751,372262.0,383775.0
1508720509.649666,372262.0,383775.0
1508720515.849369,372262.0,383775.0
1508720522.109839,372262.0,383775.0
1508720529.351917,372262.0,383775.0
1508720536.210478,372262.0,383775.0
1508720542.420624,372262.0,383775.0
1508720550.85447,372262.0,383775.0
1508720557.027342,372262.0,383775.0
1508720564.37137,372262.0,383775.0
1508720571.230478,372262.0,383775.0
1508720578.19781,372262.0,383775.0
1508720584.387479,372262.0,383775.0
1508720591.810238,372262.0,383775.0
1508720598.598871,372262.0,383775.0
1508720605.945732,372262.0,383775.0
1508720612.126438,372262.0,383775.0
1508720619.247107,372262.0,383775.0
1508720626.469173,372262.0,383775.0
1508720633.126449,372262.0,383775.0
1508720639.314717,372262.0,383775.0
1508720646.43047,372262.0,383775.0
1508720653.66498,373311.0,384857.0
1508720665.533577,373311.0,384857.0
1508720672.407989,373311.0,384857.0
1508720678.996441,373311.0,384857.0
1508720685.918814,373311.0,384857.0
1508720692.630476,373311.0,384857.0
1508720698.825533,373311.0,384857.0
1508720706.087964,373311.0,384857.0
1508720712.276224,373311.0,384857.0
1508720719.061475,373311.0,384857.0
1508720726.45123,373311.0,384857.0
1508720733.66582,373311.0,384857.0
1508720740.466193,373311.0,384857.0
1508720747.76821,373311.0,384857.0
1508720754.628764,373311.0,384857.0
1508720761.220754,373311.0,384857.0
1508720768.55365,373311.0,384857.0
1508720775.422817,373311.0,384857.0
1508720782.279314,373311.0,384857.0
1508720788.85038,373311.0,384857.0
1508720795.423099,373311.0,384857.0
1508720802.245272,373311.0,384857.0
1508720809.726351,373311.0,384857.0
1508720816.706852,373311.0,384857.0
1508720823.644544,373311.0,384857.0
1508720830.334326,373311.0,384857.0
1508720836.916483,373311.0,384857.0
1508720843.827062,373311.0,384857.0
1508720852.168599,373311.0,384857.0
1508720859.491026,373311.0,384857.0
1508720866.165513,373311.0,384857.0
1508720873.418263,373311.0,384857.0
1508720880.63195,373311.0,384857.0
1508720886.86958,373311.0,384857.0
1508720893.743641,373311.0,384857.0
1508720900.38877,373311.0,384857.0
1508720907.020964,373311.0,384857.0
1508720914.37594,373311.0,384857.0
1508720921.238695,373311.0,384857.0
1508720928.095987,373311.0,384857.0
1508720935.118139,373311.0,384857.0
1508720942.438309,373311.0,384857.0
1508720949.763244,373311.0,384857.0
1508720956.935135,373311.0,384857.0
1508720965.166536,373311.0,384857.0
1508720972.54372,373311.0,384857.0
1508720979.220326,373311.0,384857.0
1508720986.059144,373311.0,384857.0
1508720992.914591,373311.0,384857.0
1508720999.882917,373311.0,384857.0
1508721007.175957,373311.0,384857.0
1508721014.546592,373311.0,384857.0
1508721021.360948,373311.0,384857.0
1508721029.242216,373311.0,384857.0
1508721036.545751,373311.0,384857.0
1508721043.41199,373311.0,384857.0
1508721051.059693,373311.0,384857.0
1508721058.263316,373311.0,384857.0
1508721065.115763,373311.0,384857.0
1508721072.077988,373311.0,384857.0
1508721079.367107,373311.0,384857.0
1508721085.588751,373311.0,384857.0
1508721092.306963,373311.0,384857.0
1508721099.21149,373311.0,384857.0
1508721106.071817,373311.0,384857.0
1508721113.344372,373311.0,384857.0
1508721120.175875,373311.0,384857.0
1508721126.800569,373311.0,384857.0
1508721133.723068,373311.0,384857.0
1508721140.985825,373311.0,384857.0
1508721148.254924,373311.0,384857.0
1508721155.736324,373311.0,384857.0
1508721161.949806,373311.0,384857.0
1508721169.433714,373311.0,384857.0
1508721176.28257,373311.0,384857.0
1508721182.90216,373311.0,384857.0
1508721190.247517,373311.0,384857.0
1508721196.951316,373311.0,384857.0
1508721204.270604,373311.0,384857.0
1508721210.872418,373311.0,384857.0
1508721217.631764,373311.0,384857.0
1508721224.955708,373311.0,384857.0
1508721231.179314,373311.0,384857.0
1508721237.749844,373311.0,384857.0
1508721244.622829,373311.0,384857.0
1508721250.869881,372732.0,384259.0
1508721257.481859,372732.0,384259.0
1508721265.407422,372732.0,384259.0
1508721272.58854,372732.0,384259.0
1508721279.53481,372732.0,384259.0
1508721285.732253,372732.0,384259.0
1508721293.155046,372732.0,384259.0
1508721300.52754,372732.0,384259.0
1508721306.749133,372732.0,384259.0
1508721313.638067,372732.0,384259.0
1508721320.499214,372732.0,384259.0
1508721327.699308,372732.0,384259.0
1508721334.988426,372732.0,384259.0
1508721341.904713,372732.0,384259.0
1508721349.170196,372732.0,384259.0
1508721356.548031,372732.0,384259.0
1508721363.511287,372732.0,384259.0
1508721370.782089,372732.0,384259.0
1508721377.637846,372732.0,384259.0
1508721384.327925,372732.0,384259.0
1508721391.260115,372732.0,384259.0
1508721398.038845,372732.0,384259.0
1508721404.827675,372732.0,384259.0
1508721411.016368,372732.0,384259.0
1508721418.598939,372732.0,384259.0
1508721425.460884,372732.0,384259.0
1508721432.132922,372732.0,384259.0
1508721439.388669,372732.0,384259.0
1508721446.163132,372732.0,384259.0
1508721453.462574,372732.0,384259.0
1508721461.195789,372732.0,384259.0
1508721468.261808,372732.0,384259.0
1508721475.432782,372732.0,384259.0
1508721482.803721,372732.0,384259.0
1508721489.662293,372732.0,384259.0
1508721496.52867,372732.0,384259.0
1508721502.717804,372732.0,384259.0
1508721509.961887,372732.0,384259.0
1508721517.00089,372732.0,384259.0
1508721523.856306,372732.0,384259.0
1508721531.1408,372732.0,384259.0
1508721537.327435,372732.0,384259.0
1508721544.209152,372732.0,384259.0
1508721551.511721,372362.0,383878.0
1508721558.789737,372362.0,383878.0
1508721567.079273,372362.0,383878.0
1508721574.318147,372362.0,383878.0
1508721581.141769,372362.0,383878.0
1508721588.357947,372362.0,383878.0
1508721595.750365,372362.0,383878.0
1508721602.719376,372362.0,383878.0
1508721610.041906,372362.0,383878.0
1508721616.280154,372362.0,383878.0
1508721623.016871,372362.0,383878.0
1508721630.174762,372362.0,383878.0
1508721637.630708,372362.0,383878.0
1508721644.879078,372362.0,383878.0
1508721652.174293,372362.0,383878.0
1508721659.064496,372362.0,383878.0
1508721665.906175,372362.0,383878.0
1508721673.129136,372362.0,383878.0
1508721679.743369,372362.0,383878.0
1508721686.686542,372362.0,383878.0
1508721693.642302,372362.0,383878.0
1508721700.5126,372362.0,383878.0
1508721707.321437,372362.0,383878.0
1508721713.958368,372362.0,383878.0
1508721721.25562,372362.0,383878.0
1508721728.873772,372362.0,383878.0
1508721735.736181,372362.0,383878.0
1508721742.598037,372362.0,383878.0
1508721749.835557,372362.0,383878.0
1508721756.724064,372362.0,383878.0
1508721764.198722,372362.0,383878.0
1508721771.587917,372362.0,383878.0
1508721778.808821,372362.0,383878.0
1508721785.031899,372362.0,383878.0
1508721791.854221,372362.0,383878.0
1508721798.409335,372362.0,383878.0
1508721805.665111,372362.0,383878.0
1508721812.537505,372362.0,383878.0
1508721819.993396,372362.0,383878.0
1508721827.219695,372362.0,383878.0
1508721833.404074,372362.0,383878.0
1508721840.158371,372362.0,383878.0
1508721847.148916,372362.0,383878.0
1508721854.481007,372887.0,384419.0
1508721861.177845,372887.0,384419.0
1508721869.455564,372887.0,384419.0
1508721875.636967,372887.0,384419.0
1508721882.576854,372887.0,384419.0
1508721889.385544,372887.0,384419.0
1508721896.670423,372887.0,384419.0
1508721903.981011,372887.0,384419.0
1508721910.820272,372887.0,384419.0
1508721917.98851,372887.0,384419.0
1508721925.938395,372887.0,384419.0
1508721933.217287,372887.0,384419.0
1508721940.40807,372887.0,384419.0
1508721947.605548,372887.0,384419.0
1508721954.813267,372887.0,384419.0
1508721962.023866,372887.0,384419.0
1508721968.212066,372887.0,384419.0
1508721975.046935,372887.0,384419.0
1508721982.445925,372887.0,384419.0
1508721989.679205,372887.0,384419.0
1508721996.290081,372887.0,384419.0
1508722002.489586,372887.0,384419.0
1508722009.346073,372887.0,384419.0
1508722016.183726,372887.0,384419.0
1508722023.477393,372887.0,384419.0
1508722029.653093,372887.0,384419.0
1508722036.449676,372887.0,384419.0
1508722043.34734,372887.0,384419.0
1508722050.615591,372887.0,384419.0
1508722057.487385,372887.0,384419.0
1508722065.248445,372887.0,384419.0
1508722072.260802,372887.0,384419.0
1508722079.494881,372887.0,384419.0
1508722086.356616,372887.0,384419.0
1508722093.222859,372887.0,384419.0
1508722100.593491,372887.0,384419.0
1508722107.190132,372887.0,384419.0
1508722114.045507,372887.0,384419.0
1508722121.272066,372887.0,384419.0
1508722127.858449,372887.0,384419.0
1508722134.616235,372887.0,384419.0
1508722141.831069,372887.0,384419.0
1508722149.430282,372887.0,384419.0
1508722156.662855,372439.0,383958.0
1508722163.668455,372439.0,383958.0
1508722171.22289,372439.0,383958.0
1508722178.513773,372439.0,383958.0
1508722184.708004,372439.0,383958.0
1508722191.527213,372439.0,383958.0
1508722198.894596,372439.0,383958.0
1508722205.758579,372439.0,383958.0
1508722213.023501,372439.0,383958.0
1508722219.913253,372439.0,383958.0
1508722227.302785,372439.0,383958.0
1508722234.325066,372439.0,383958.0
1508722240.868858,372439.0,383958.0
1508722248.161279,372439.0,383958.0
1508722254.95665,372439.0,383958.0
1508722261.595271,372439.0,383958.0
1508722268.526509,372439.0,383958.0
1508722275.324589,372439.0,383958.0
1508722282.51373,372439.0,383958.0
1508722289.676526,372439.0,383958.0
1508722296.539411,372439.0,383958.0
1508722302.746527,372439.0,383958.0
1508722309.970835,372439.0,383958.0
1508722317.174798,372439.0,383958.0
1508722323.413044,372439.0,383958.0
1508722330.688094,372439.0,383958.0
1508722337.495871,372439.0,383958.0
1508722344.30122,372439.0,383958.0
1508722352.296862,372439.0,383958.0
1508722359.154285,372439.0,383958.0
1508722365.358151,372439.0,383958.0
1508722371.577081,372439.0,383958.0
1508722378.744956,372439.0,383958.0
1508722385.357419,372439.0,383958.0
1508722391.869976,372439.0,383958.0
1508722398.657479,372439.0,383958.0
1508722405.952128,372439.0,383958.0
1508722412.157612,372439.0,383958.0
1508722419.470084,372439.0,383958.0
1508722426.028574,372439.0,383958.0
1508722432.884066,372439.0,383958.0
1508722439.714785,372439.0,383958.0
1508722446.602209,372439.0,383958.0
1508722452.79998,372439.0,383958.0
1508722460.039086,372599.0,384123.0
1508722466.70717,372599.0,384123.0
1508722473.966877,372599.0,384123.0
1508722480.822316,372599.0,384123.0
1508722488.077648,372599.0,384123.0
1508722495.360447,372599.0,384123.0
1508722502.156209,372599.0,384123.0
1508722509.478699,372599.0,384123.0
1508722516.334444,372599.0,384123.0
1508722523.028729,372599.0,384123.0
1508722529.768843,372599.0,384123.0
1508722536.032705,372599.0,384123.0
