1508783402.823899,375292.0,386899.0
1508783410.596644,375292.0,386899.0
1508783417.175776,375292.0,386899.0
1508783424.111443,375292.0,386899.0
1508783430.706559,375292.0,386899.0
1508783438.034808,375292.0,386899.0
1508783445.302344,375292.0,386899.0
1508783452.626361,375292.0,386899.0
1508783459.946538,375292.0,386899.0
1508783469.325977,375292.0,386899.0
1508783476.79116,375292.0,386899.0
1508783483.379727,375292.0,386899.0
1508783490.60168,375292.0,386899.0
1508783496.801509,375292.0,386899.0
1508783503.483411,375292.0,386899.0
1508783510.151301,375292.0,386899.0
1508783516.747549,375292.0,386899.0
1508783526.204379,375481.0,387094.0
1508783533.368043,375481.0,387094.0
1508783539.987609,375481.0,387094.0
1508783547.192283,375481.0,387094.0
1508783553.761334,375481.0,387094.0
1508783561.053068,375481.0,387094.0
1508783567.697525,375481.0,387094.0
1508783574.669636,375481.0,387094.0
1508783581.416735,375481.0,387094.0
1508783588.097319,375481.0,387094.0
1508783594.402311,375481.0,387094.0
1508783604.127007,375481.0,387094.0
1508783610.714763,375481.0,387094.0
1508783617.848967,375481.0,387094.0
1508783625.055538,375481.0,387094.0
1508783631.682199,375481.0,387094.0
1508783638.445556,375481.0,387094.0
1508783645.020947,375481.0,387094.0
1508783653.900111,375481.0,387094.0
1508783661.066465,375481.0,387094.0
1508783667.269451,375481.0,387094.0
1508783674.514578,375481.0,387094.0
1508783682.134291,375481.0,387094.0
1508783688.969778,375481.0,387094.0
1508783696.256875,375481.0,387094.0
1508783702.893408,375481.0,387094.0
1508783709.077779,375481.0,387094.0
1508783715.678759,375481.0,387094.0
1508783722.997883,375481.0,387094.0
1508783729.159975,375481.0,387094.0
1508783735.969243,375481.0,387094.0
1508783743.16464,375481.0,387094.0
1508783749.985864,375481.0,387094.0
1508783757.176152,375481.0,387094.0
1508783763.347154,375481.0,387094.0
1508783772.097271,375481.0,387094.0
1508783779.342233,375481.0,387094.0
1508783787.098626,375481.0,387094.0
1508783794.289227,375481.0,387094.0
1508783804.696599,375481.0,387094.0
1508783811.284664,375481.0,387094.0
1508783819.070374,375481.0,387094.0
1508783825.677352,375481.0,387094.0
1508783832.31241,375788.0,387410.0
1508783839.246488,375788.0,387410.0
1508783845.811442,375788.0,387410.0
1508783852.693263,375788.0,387410.0
1508783858.886997,375788.0,387410.0
1508783865.546694,375788.0,387410.0
1508783872.798191,375788.0,387410.0
1508783880.005823,375788.0,387410.0
1508783886.223819,375788.0,387410.0
1508783893.00208,375788.0,387410.0
1508783899.614312,375788.0,387410.0
1508783906.214054,375788.0,387410.0
1508783912.767011,375788.0,387410.0
1508783919.78676,375788.0,387410.0
1508783927.025753,375788.0,387410.0
1508783933.204055,375788.0,387410.0
1508783940.066471,375788.0,387410.0
1508783948.286638,375788.0,387410.0
1508783955.202214,375788.0,387410.0
1508783961.764272,375788.0,387410.0
1508783969.086759,375788.0,387410.0
1508783976.206135,375788.0,387410.0
1508783983.053071,375788.0,387410.0
1508783989.279411,375788.0,387410.0
1508783996.141559,375788.0,387410.0
1508784006.259128,375788.0,387410.0
1508784013.530816,375788.0,387410.0
1508784020.110937,375788.0,387410.0
1508784027.558489,375788.0,387410.0
1508784033.753858,375788.0,387410.0
1508784042.239459,375788.0,387410.0
1508784049.534189,375788.0,387410.0
1508784056.109795,375788.0,387410.0
1508784062.767038,375788.0,387410.0
1508784070.011323,375788.0,387410.0
1508784077.272428,375788.0,387410.0
1508784084.095759,375788.0,387410.0
1508784090.317407,375788.0,387410.0
1508784097.540331,375788.0,387410.0
1508784104.870944,375788.0,387410.0
1508784112.395634,375788.0,387410.0
1508784120.107988,375788.0,387410.0
1508784126.646575,373158.0,384699.0
1508784133.523183,373158.0,384699.0
1508784140.809319,373158.0,384699.0
1508784147.776799,373158.0,384699.0
1508784154.819216,373158.0,384699.0
1508784161.429544,373158.0,384699.0
1508784168.663607,373158.0,384699.0
1508784175.93607,373158.0,384699.0
1508784183.443143,373158.0,384699.0
1508784189.764991,373158.0,384699.0
1508784196.926548,373158.0,384699.0
1508784204.204223,373158.0,384699.0
1508784211.147608,373158.0,384699.0
1508784218.404655,373158.0,384699.0
1508784224.959911,373158.0,384699.0
1508784231.168414,373158.0,384699.0
1508784237.960527,373158.0,384699.0
1508784244.796261,373158.0,384699.0
1508784252.048454,373158.0,384699.0
1508784258.221909,373158.0,384699.0
1508784265.457372,373158.0,384699.0
1508784272.160273,373158.0,384699.0
1508784279.053312,373158.0,384699.0
1508784285.840944,373158.0,384699.0
1508784293.948179,373158.0,384699.0
1508784301.276016,373158.0,384699.0
1508784308.64393,373158.0,384699.0
1508784315.53654,373158.0,384699.0
1508784323.325703,373158.0,384699.0
1508784329.894213,373158.0,384699.0
1508784336.5759,373158.0,384699.0
1508784343.171247,373158.0,384699.0
1508784350.122372,373158.0,384699.0
1508784357.328483,373158.0,384699.0
1508784364.128622,373158.0,384699.0
1508784371.342798,373158.0,384699.0
1508784377.558368,373158.0,384699.0
1508784383.781311,373158.0,384699.0
1508784391.043343,373158.0,384699.0
1508784399.950633,373158.0,384699.0
1508784407.738434,373158.0,384699.0
1508784417.196345,373158.0,384699.0
1508784425.018432,373158.0,384699.0
1508784432.316667,374496.0,386078.0
1508784439.267793,374496.0,386078.0
1508784445.85908,374496.0,386078.0
1508784452.063098,374496.0,386078.0
1508784458.964731,374496.0,386078.0
1508784465.199405,374496.0,386078.0
1508784471.850618,374496.0,386078.0
1508784479.106402,374496.0,386078.0
1508784485.465644,374496.0,386078.0
1508784492.155856,374496.0,386078.0
1508784505.668998,374496.0,386078.0
1508784512.738247,374496.0,386078.0
1508784520.106676,374496.0,386078.0
1508784527.503159,374496.0,386078.0
1508784534.158504,374496.0,386078.0
1508784541.932585,374496.0,386078.0
1508784548.60334,374496.0,386078.0
1508784555.127331,374496.0,386078.0
1508784561.739057,374496.0,386078.0
1508784568.386041,374496.0,386078.0
1508784575.709021,374496.0,386078.0
1508784582.668105,374496.0,386078.0
1508784589.379652,374496.0,386078.0
1508784595.548769,374496.0,386078.0
1508784602.91381,374496.0,386078.0
1508784609.535851,374496.0,386078.0
1508784616.875003,374496.0,386078.0
1508784623.617632,374496.0,386078.0
1508784630.285501,374496.0,386078.0
1508784636.892182,374496.0,386078.0
1508784643.538343,374496.0,386078.0
1508784650.258017,374496.0,386078.0
1508784657.274294,374496.0,386078.0
1508784664.290016,374496.0,386078.0
1508784671.656058,374496.0,386078.0
1508784677.907512,374496.0,386078.0
1508784684.85344,374496.0,386078.0
1508784692.119003,374496.0,386078.0
1508784699.332403,374496.0,386078.0
1508784707.118708,374496.0,386078.0
1508784713.714184,374496.0,386078.0
1508784719.936615,374496.0,386078.0
1508784728.181981,374315.0,385892.0
1508784735.3376,374315.0,385892.0
1508784743.029058,374315.0,385892.0
1508784749.90017,374315.0,385892.0
1508784756.739204,374315.0,385892.0
1508784762.954692,374315.0,385892.0
1508784769.173954,374315.0,385892.0
1508784775.737881,374315.0,385892.0
1508784783.067784,374315.0,385892.0
1508784789.302126,374315.0,385892.0
1508784795.967379,374315.0,385892.0
1508784802.809617,374315.0,385892.0
1508784809.982004,374315.0,385892.0
1508784817.262414,374315.0,385892.0
1508784823.449832,374315.0,385892.0
1508784829.660299,374315.0,385892.0
1508784835.8851,374315.0,385892.0
1508784845.838505,374315.0,385892.0
1508784852.445195,374315.0,385892.0
1508784858.631137,374315.0,385892.0
1508784864.817058,374315.0,385892.0
1508784871.390767,374315.0,385892.0
1508784878.603827,374315.0,385892.0
1508784885.293064,374315.0,385892.0
1508784892.436054,374315.0,385892.0
1508784898.714924,374315.0,385892.0
1508784906.075755,374315.0,385892.0
1508784917.309026,374315.0,385892.0
1508784924.147199,374315.0,385892.0
1508784931.447206,374315.0,385892.0
1508784937.677926,374315.0,385892.0
1508784944.965119,374315.0,385892.0
1508784951.612353,374315.0,385892.0
1508784957.821352,374315.0,385892.0
1508784964.09711,374315.0,385892.0
1508784975.196231,374315.0,385892.0
1508784981.77403,374315.0,385892.0
1508784988.692151,374315.0,385892.0
1508784996.056012,374315.0,385892.0
1508785003.261607,374315.0,385892.0
1508785010.601427,374315.0,385892.0
1508785017.724254,374315.0,385892.0
1508785026.169581,374315.0,385892.0
1508785033.248998,374527.0,386110.0
1508785040.194824,374527.0,386110.0
1508785046.899853,374527.0,386110.0
1508785053.13498,374527.0,386110.0
1508785059.320697,374527.0,386110.0
1508785065.939219,374527.0,386110.0
1508785072.745456,374527.0,386110.0
1508785078.948036,374527.0,386110.0
1508785085.221588,374527.0,386110.0
1508785091.937436,374527.0,386110.0
1508785098.713774,374527.0,386110.0
1508785106.04223,374527.0,386110.0
1508785112.291216,374527.0,386110.0
1508785119.454915,374527.0,386110.0
1508785125.627236,374527.0,386110.0
1508785131.886338,374527.0,386110.0
1508785139.789806,374527.0,386110.0
1508785147.617017,374527.0,386110.0
1508785154.820815,374527.0,386110.0
1508785161.271832,374527.0,386110.0
1508785167.889194,374527.0,386110.0
1508785174.097053,374527.0,386110.0
1508785180.916785,374527.0,386110.0
1508785187.60374,374527.0,386110.0
1508785195.570708,374527.0,386110.0
1508785201.773002,374527.0,386110.0
1508785208.642715,374527.0,386110.0
1508785215.426935,374527.0,386110.0
1508785222.980275,374527.0,386110.0
1508785229.80223,374527.0,386110.0
1508785236.44893,374527.0,386110.0
1508785243.364195,374527.0,386110.0
1508785250.560191,374527.0,386110.0
1508785258.452265,374527.0,386110.0
1508785265.153793,374527.0,386110.0
1508785272.06282,374527.0,386110.0
1508785278.632194,374527.0,386110.0
1508785285.40383,374527.0,386110.0
1508785291.566552,374527.0,386110.0
1508785298.335363,374527.0,386110.0
1508785305.450465,374527.0,386110.0
1508785312.789742,374527.0,386110.0
1508785319.690191,374527.0,386110.0
1508785326.301615,374527.0,386110.0
1508785333.387524,374289.0,385865.0
1508785340.741082,374289.0,385865.0
1508785346.929692,374289.0,385865.0
1508785354.257478,374289.0,385865.0
1508785361.324565,374289.0,385865.0
1508785369.118926,374289.0,385865.0
1508785376.312949,374289.0,385865.0
1508785383.728642,374289.0,385865.0
1508785391.606007,374289.0,385865.0
1508785398.170918,374289.0,385865.0
1508785405.376656,374289.0,385865.0
1508785411.622062,374289.0,385865.0
1508785418.430595,374289.0,385865.0
1508785425.325052,374289.0,385865.0
1508785432.698637,374289.0,385865.0
1508785439.660221,374289.0,385865.0
1508785447.159657,374289.0,385865.0
1508785453.348579,374289.0,385865.0
1508785459.579749,374289.0,385865.0
1508785465.78124,374289.0,385865.0
1508785472.046576,374289.0,385865.0
1508785478.250447,374289.0,385865.0
1508785485.495895,374289.0,385865.0
1508785492.77469,374289.0,385865.0
1508785499.385327,374289.0,385865.0
1508785506.734821,374289.0,385865.0
1508785512.918789,374289.0,385865.0
1508785519.746918,374289.0,385865.0
1508785526.462957,374289.0,385865.0
1508785533.766005,374289.0,385865.0
1508785540.013627,374289.0,385865.0
1508785547.268233,374289.0,385865.0
1508785554.249015,374289.0,385865.0
1508785560.582525,374289.0,385865.0
1508785566.817485,374289.0,385865.0
1508785573.021152,374289.0,385865.0
1508785580.45534,374289.0,385865.0
1508785590.115455,374289.0,385865.0
1508785596.691591,374289.0,385865.0
1508785604.733241,374289.0,385865.0
1508785612.102313,374289.0,385865.0
1508785619.935047,374289.0,385865.0
1508785626.84863,374289.0,385865.0
1508785633.433719,374637.0,386224.0
1508785640.087032,374637.0,386224.0
1508785646.686437,374637.0,386224.0
1508785653.096252,374637.0,386224.0
1508785659.74586,374637.0,386224.0
1508785667.121329,374637.0,386224.0
1508785673.797004,374637.0,386224.0
1508785680.099861,374637.0,386224.0
1508785686.699402,374637.0,386224.0
1508785694.741123,374637.0,386224.0
1508785703.805738,374637.0,386224.0
1508785710.042641,374637.0,386224.0
1508785716.846175,374637.0,386224.0
1508785724.096975,374637.0,386224.0
1508785730.696274,374637.0,386224.0
1508785737.332331,374637.0,386224.0
1508785744.609663,374637.0,386224.0
1508785751.573378,374637.0,386224.0
1508785758.46131,374637.0,386224.0
1508785765.805025,374637.0,386224.0
1508785773.024693,374637.0,386224.0
1508785779.687438,374637.0,386224.0
1508785785.879234,374637.0,386224.0
1508785792.580535,374637.0,386224.0
1508785799.171654,374637.0,386224.0
1508785805.362805,374637.0,386224.0
1508785812.514115,374637.0,386224.0
1508785819.314305,374637.0,386224.0
1508785826.207414,374637.0,386224.0
1508785835.022929,374637.0,386224.0
1508785842.768248,374637.0,386224.0
1508785850.311308,374637.0,386224.0
1508785857.076547,374637.0,386224.0
1508785865.081852,374637.0,386224.0
1508785871.752543,374637.0,386224.0
1508785878.333876,374637.0,386224.0
1508785885.535368,374637.0,386224.0
1508785891.742767,374637.0,386224.0
1508785899.059002,374637.0,386224.0
1508785905.245472,374637.0,386224.0
1508785911.797442,374637.0,386224.0
1508785919.612175,374637.0,386224.0
1508785926.881527,374637.0,386224.0
1508785934.461463,374637.0,386224.0
1508785944.371943,374637.0,386224.0
1508785951.561663,374637.0,386224.0
1508785957.76489,374637.0,386224.0
1508785964.361634,374637.0,386224.0
1508785971.183378,374637.0,386224.0
1508785978.389505,374637.0,386224.0
1508785985.461875,374637.0,386224.0
1508785992.423027,374637.0,386224.0
1508785998.922577,374637.0,386224.0
1508786005.833711,374637.0,386224.0
1508786012.412703,374637.0,386224.0
1508786019.213761,374637.0,386224.0
1508786025.777535,374637.0,386224.0
1508786032.766435,374637.0,386224.0
1508786039.928477,374637.0,386224.0
1508786047.102679,374637.0,386224.0
1508786053.710876,374637.0,386224.0
1508786063.457732,374637.0,386224.0
1508786070.653422,374637.0,386224.0
1508786077.352062,374637.0,386224.0
1508786083.957608,374637.0,386224.0
1508786091.237997,374637.0,386224.0
1508786097.952063,374637.0,386224.0
1508786105.236606,374637.0,386224.0
1508786111.951412,374637.0,386224.0
1508786118.780274,374637.0,386224.0
1508786125.488791,374637.0,386224.0
1508786132.403854,374637.0,386224.0
1508786138.751501,374637.0,386224.0
1508786145.609167,374637.0,386224.0
1508786152.47447,374637.0,386224.0
1508786159.334214,374637.0,386224.0
1508786165.683934,374637.0,386224.0
1508786174.426173,374637.0,386224.0
1508786181.068721,374637.0,386224.0
1508786187.734895,374637.0,386224.0
1508786195.077985,374637.0,386224.0
1508786201.95632,374637.0,386224.0
1508786208.56915,374637.0,386224.0
1508786215.963492,374637.0,386224.0
1508786223.083321,374637.0,386224.0
1508786229.716093,374637.0,386224.0
1508786239.745751,374841.0,386434.0
1508786246.604689,374841.0,386434.0
1508786253.851666,374841.0,386434.0
1508786260.450558,374841.0,386434.0
1508786267.087883,374841.0,386434.0
1508786273.793198,374841.0,386434.0
1508786280.007079,374841.0,386434.0
1508786286.77008,374841.0,386434.0
1508786293.479725,374841.0,386434.0
1508786300.750505,374841.0,386434.0
1508786307.542961,374841.0,386434.0
1508786315.125697,374841.0,386434.0
1508786321.748267,374841.0,386434.0
1508786328.992957,374841.0,386434.0
1508786336.193295,374841.0,386434.0
1508786343.345775,374841.0,386434.0
1508786349.554152,374841.0,386434.0
1508786356.698138,374841.0,386434.0
1508786364.136035,374841.0,386434.0
1508786370.30667,374841.0,386434.0
1508786376.512643,374841.0,386434.0
1508786382.68794,374841.0,386434.0
1508786389.24799,374841.0,386434.0
1508786396.866371,374841.0,386434.0
1508786403.864389,374841.0,386434.0
1508786410.435216,374841.0,386434.0
1508786417.06146,374841.0,386434.0
1508786423.613658,374841.0,386434.0
1508786430.423794,374841.0,386434.0
1508786437.742931,374841.0,386434.0
1508786444.013129,374841.0,386434.0
1508786450.750348,374841.0,386434.0
1508786456.956655,374841.0,386434.0
1508786463.587508,374841.0,386434.0
1508786470.941267,374841.0,386434.0
1508786478.265521,374841.0,386434.0
1508786484.50434,374841.0,386434.0
1508786491.083322,374841.0,386434.0
1508786498.340268,374841.0,386434.0
1508786505.961218,374841.0,386434.0
1508786512.513512,374841.0,386434.0
1508786519.093229,374841.0,386434.0
1508786525.78043,374841.0,386434.0
1508786532.581232,374841.0,386434.0
1508786540.040658,374573.0,386158.0
1508786547.463185,374573.0,386158.0
1508786554.098389,374573.0,386158.0
1508786560.963132,374573.0,386158.0
1508786567.810853,374573.0,386158.0
1508786574.393274,374573.0,386158.0
1508786580.597176,374573.0,386158.0
1508786587.469777,374573.0,386158.0
1508786595.85964,374573.0,386158.0
1508786602.443341,374573.0,386158.0
1508786609.795699,374573.0,386158.0
1508786616.359469,374573.0,386158.0
1508786623.722088,374573.0,386158.0
1508786631.03853,374573.0,386158.0
1508786637.63547,374573.0,386158.0
1508786644.177038,374573.0,386158.0
1508786651.437142,374573.0,386158.0
1508786658.065362,374573.0,386158.0
1508786665.368595,374573.0,386158.0
1508786671.584926,374573.0,386158.0
1508786678.353459,374573.0,386158.0
1508786685.64464,374573.0,386158.0
1508786692.247257,374573.0,386158.0
1508786698.430372,374573.0,386158.0
1508786705.742983,374573.0,386158.0
1508786712.632102,374573.0,386158.0
1508786719.951797,374573.0,386158.0
1508786726.298175,374573.0,386158.0
1508786733.23104,374573.0,386158.0
1508786739.433679,374573.0,386158.0
1508786746.80659,374573.0,386158.0
1508786753.562297,374573.0,386158.0
1508786761.070566,374573.0,386158.0
1508786767.668804,374573.0,386158.0
1508786774.55472,374573.0,386158.0
1508786782.318513,374573.0,386158.0
1508786789.636192,374573.0,386158.0
1508786796.983673,374573.0,386158.0
1508786803.599323,374573.0,386158.0
1508786810.699535,374573.0,386158.0
1508786818.40462,374573.0,386158.0
1508786826.106605,374573.0,386158.0
1508786834.256411,374573.0,386158.0
1508786840.986496,374820.0,386413.0
1508786848.264691,374820.0,386413.0
1508786855.660822,374820.0,386413.0
1508786862.316166,374820.0,386413.0
1508786868.548723,374820.0,386413.0
1508786875.985074,374820.0,386413.0
1508786883.356801,374820.0,386413.0
1508786889.558613,374820.0,386413.0
1508786901.398504,374820.0,386413.0
1508786908.165637,374820.0,386413.0
1508786915.422853,374820.0,386413.0
1508786922.755989,374820.0,386413.0
1508786929.399477,374820.0,386413.0
1508786936.283213,374820.0,386413.0
1508786942.838981,374820.0,386413.0
1508786949.724031,374820.0,386413.0
1508786955.907316,374820.0,386413.0
1508786962.479973,374820.0,386413.0
1508786969.160175,374820.0,386413.0
1508786975.357706,374820.0,386413.0
1508786981.954067,374820.0,386413.0
1508786990.986255,374820.0,386413.0
1508786997.5915,374820.0,386413.0
1508787004.43225,374820.0,386413.0
1508787010.735079,374820.0,386413.0
1508787017.348233,374820.0,386413.0
1508787026.164568,374820.0,386413.0
1508787032.771849,374820.0,386413.0
1508787040.038162,374820.0,386413.0
1508787046.650088,374820.0,386413.0
1508787052.862298,374820.0,386413.0
1508787059.773977,374820.0,386413.0
1508787066.437875,374820.0,386413.0
1508787073.079853,374820.0,386413.0
1508787080.451839,374820.0,386413.0
1508787087.802744,374820.0,386413.0
1508787094.402845,374820.0,386413.0
1508787101.025876,374820.0,386413.0
1508787108.202977,374820.0,386413.0
1508787115.081098,374820.0,386413.0
1508787122.409857,374820.0,386413.0
1508787129.514419,374820.0,386413.0
1508787141.558546,377177.0,388842.0
1508787148.364825,377177.0,388842.0
1508787154.951047,377177.0,388842.0
1508787161.834187,377177.0,388842.0
1508787168.428432,377177.0,388842.0
1508787175.698643,377177.0,388842.0
1508787182.313933,377177.0,388842.0
1508787189.49048,377177.0,388842.0
1508787196.819716,377177.0,388842.0
1508787204.099692,377177.0,388842.0
1508787211.600647,377177.0,388842.0
1508787217.829692,377177.0,388842.0
1508787224.209945,377177.0,388842.0
1508787231.015754,377177.0,388842.0
1508787238.595498,377177.0,388842.0
1508787244.797603,377177.0,388842.0
1508787251.23721,377177.0,388842.0
1508787257.838656,377177.0,388842.0
1508787265.156707,377177.0,388842.0
1508787271.879888,377177.0,388842.0
1508787279.186747,377177.0,388842.0
1508787285.773367,377177.0,388842.0
1508787292.94741,377177.0,388842.0
1508787299.775202,377177.0,388842.0
1508787306.34789,377177.0,388842.0
1508787312.99512,377177.0,388842.0
1508787323.422811,377177.0,388842.0
1508787330.650453,377177.0,388842.0
1508787337.450381,377177.0,388842.0
1508787344.146782,377177.0,388842.0
1508787350.933803,377177.0,388842.0
1508787358.481709,377177.0,388842.0
1508787365.318938,377177.0,388842.0
1508787372.476018,377177.0,388842.0
1508787379.773637,377177.0,388842.0
1508787387.107247,377177.0,388842.0
1508787393.293048,377177.0,388842.0
1508787399.872601,377177.0,388842.0
1508787407.304349,377177.0,388842.0
1508787413.975276,377177.0,388842.0
1508787421.140341,377177.0,388842.0
1508787428.004396,377177.0,388842.0
1508787435.349288,377177.0,388842.0
1508787446.264713,376953.0,388612.0
1508787452.86355,376953.0,388612.0
1508787459.540268,376953.0,388612.0
1508787466.238052,376953.0,388612.0
1508787473.791067,376953.0,388612.0
1508787479.984254,376953.0,388612.0
1508787487.22419,376953.0,388612.0
1508787494.202552,376953.0,388612.0
1508787502.013247,376953.0,388612.0
1508787508.904564,376953.0,388612.0
1508787515.758415,376953.0,388612.0
1508787522.571233,376953.0,388612.0
1508787529.245849,376953.0,388612.0
1508787536.518062,376953.0,388612.0
1508787545.862529,376953.0,388612.0
1508787553.140383,376953.0,388612.0
1508787560.336715,376953.0,388612.0
1508787566.992444,376953.0,388612.0
1508787573.214995,376953.0,388612.0
1508787579.977613,376953.0,388612.0
1508787586.757848,376953.0,388612.0
1508787594.172803,376953.0,388612.0
1508787600.910962,376953.0,388612.0
1508787607.509179,376953.0,388612.0
1508787615.06178,376953.0,388612.0
1508787622.27711,376953.0,388612.0
1508787630.074806,376953.0,388612.0
1508787637.14947,376953.0,388612.0
1508787643.38479,376953.0,388612.0
1508787649.554561,376953.0,388612.0
1508787656.841533,376953.0,388612.0
1508787664.885764,376953.0,388612.0
1508787671.519265,376953.0,388612.0
1508787678.44889,376953.0,388612.0
1508787685.047761,376953.0,388612.0
1508787691.698825,376953.0,388612.0
1508787698.338159,376953.0,388612.0
1508787704.559658,376953.0,388612.0
1508787711.147315,376953.0,388612.0
1508787718.793892,376953.0,388612.0
1508787725.886234,376953.0,388612.0
1508787732.241848,376953.0,388612.0
1508787739.069048,376953.0,388612.0
1508787746.443836,377930.0,389619.0
1508787754.205146,377930.0,389619.0
1508787764.768681,377930.0,389619.0
1508787771.371024,377930.0,389619.0
1508787778.290308,377930.0,389619.0
1508787784.870196,377930.0,389619.0
1508787791.10715,377930.0,389619.0
1508787798.354388,377930.0,389619.0
1508787804.932004,377930.0,389619.0
1508787811.516521,377930.0,389619.0
1508787818.84064,377930.0,389619.0
1508787825.480907,377930.0,389619.0
1508787832.329269,377930.0,389619.0
1508787838.93025,377930.0,389619.0
1508787847.268536,377930.0,389619.0
1508787854.48444,377930.0,389619.0
1508787860.752684,377930.0,389619.0
1508787868.033033,377930.0,389619.0
1508787874.230952,377930.0,389619.0
1508787880.931788,377930.0,389619.0
1508787887.774247,377930.0,389619.0
1508787894.023499,377930.0,389619.0
1508787900.5814,377930.0,389619.0
1508787909.670063,377930.0,389619.0
1508787915.839244,377930.0,389619.0
1508787922.672561,377930.0,389619.0
1508787929.404922,377930.0,389619.0
1508787936.001536,377930.0,389619.0
1508787942.686443,377930.0,389619.0
1508787949.266454,377930.0,389619.0
1508787956.569493,377930.0,389619.0
1508787964.260376,377930.0,389619.0
1508787970.515552,377930.0,389619.0
1508787977.720914,377930.0,389619.0
1508787983.887705,377930.0,389619.0
1508787990.156293,377930.0,389619.0
1508787997.353641,377930.0,389619.0
1508788003.6558,377930.0,389619.0
1508788010.973523,377930.0,389619.0
1508788018.164979,377930.0,389619.0
1508788025.994038,377930.0,389619.0
1508788032.598986,377930.0,389619.0
1508788039.935121,377930.0,389619.0
1508788046.886817,378517.0,390224.0
1508788054.241325,378517.0,390224.0
1508788062.180732,378517.0,390224.0
1508788069.442887,378517.0,390224.0
1508788081.06613,378517.0,390224.0
1508788087.763508,378517.0,390224.0
1508788095.216443,378517.0,390224.0
1508788102.388474,378517.0,390224.0
1508788109.658828,378517.0,390224.0
1508788115.850915,378517.0,390224.0
1508788122.998666,378517.0,390224.0
1508788128.738077,378517.0,390224.0
1508788134.445349,378517.0,390224.0
1508788140.32227,378517.0,390224.0
1508788146.072373,378517.0,390224.0
1508788151.773423,378517.0,390224.0
1508788157.483555,378517.0,390224.0
1508788163.18743,378517.0,390224.0
1508788168.891339,378517.0,390224.0
1508788174.755678,378517.0,390224.0
1508788180.455131,378517.0,390224.0
1508788186.160285,378517.0,390224.0
1508788191.859508,378517.0,390224.0
1508788197.640312,378517.0,390224.0
1508788203.345181,378517.0,390224.0
1508788209.212696,378517.0,390224.0
1508788214.912892,378517.0,390224.0
1508788220.63225,378517.0,390224.0
1508788226.491241,378517.0,390224.0
1508788232.194858,378517.0,390224.0
1508788237.952939,378517.0,390224.0
1508788243.670861,378517.0,390224.0
1508788249.38214,378517.0,390224.0
1508788255.090857,378517.0,390224.0
1508788260.800825,378517.0,390224.0
1508788266.512817,378517.0,390224.0
1508788272.456148,378517.0,390224.0
1508788278.155349,378517.0,390224.0
1508788283.863846,378517.0,390224.0
1508788289.574981,378517.0,390224.0
1508788295.273919,378517.0,390224.0
1508788301.213701,378517.0,390224.0
1508788306.930374,378517.0,390224.0
1508788312.666446,378517.0,390224.0
1508788318.383925,378517.0,390224.0
1508788324.585956,378517.0,390224.0
1508788330.290606,378517.0,390224.0
1508788335.996432,378517.0,390224.0
1508788341.706414,378517.0,390224.0
1508788347.608232,379815.0,393930.0
1508788353.569201,379815.0,393930.0
1508788359.411859,379815.0,393930.0
1508788365.148667,379815.0,393930.0
1508788370.84678,379815.0,393930.0
1508788376.559606,379815.0,393930.0
1508788382.268794,379815.0,393930.0
1508788387.979654,379815.0,393930.0
1508788393.681845,379815.0,393930.0
1508788399.377472,379815.0,393930.0
1508788405.236189,379815.0,393930.0
1508788410.949009,379815.0,393930.0
1508788416.640854,379815.0,393930.0
1508788422.346196,379815.0,393930.0
1508788428.067283,379815.0,393930.0
1508788433.763967,379815.0,393930.0
1508788439.472347,379815.0,393930.0
1508788445.192909,379815.0,393930.0
1508788450.985983,379815.0,393930.0
1508788456.689553,379815.0,393930.0
1508788462.38721,379815.0,393930.0
1508788468.099802,379815.0,393930.0
1508788473.789901,379815.0,393930.0
1508788479.491974,379815.0,393930.0
1508788485.192231,379815.0,393930.0
1508788490.902573,379815.0,393930.0
1508788496.596714,379815.0,393930.0
1508788502.336024,379815.0,393930.0
1508788508.041633,379815.0,393930.0
1508788514.002121,379815.0,393930.0
1508788519.811554,379815.0,393930.0
1508788525.521729,379815.0,393930.0
1508788531.23045,379815.0,393930.0
1508788536.939372,379815.0,393930.0
1508788542.637585,379815.0,393930.0
1508788548.324718,379815.0,393930.0
1508788554.024094,379815.0,393930.0
1508788559.73217,379815.0,393930.0
1508788565.53091,379815.0,393930.0
1508788571.229515,379815.0,393930.0
1508788576.92041,379815.0,393930.0
1508788582.784077,379815.0,393930.0
1508788588.475411,379815.0,393930.0
1508788594.175044,379815.0,393930.0
1508788599.871361,379815.0,393930.0
1508788605.585075,379815.0,393930.0
1508788611.301801,379815.0,393930.0
1508788617.001144,379815.0,393930.0
1508788623.180793,379815.0,393930.0
1508788628.875582,379815.0,393930.0
1508788634.580969,379815.0,393930.0
1508788640.292856,379815.0,393930.0
1508788645.995292,379815.0,393930.0
1508788651.692795,380136.0,392535.0
1508788657.469856,380136.0,392535.0
1508788663.173268,380136.0,392535.0
1508788668.928435,380136.0,392535.0
1508788674.997995,380136.0,392535.0
1508788680.809863,380136.0,392535.0
1508788686.580711,380136.0,392535.0
1508788692.273239,380136.0,392535.0
1508788697.97106,380136.0,392535.0
1508788704.81816,380136.0,392535.0
1508788710.52265,380136.0,392535.0
1508788716.246199,380136.0,392535.0
1508788721.938045,380136.0,392535.0
1508788727.650433,380136.0,392535.0
1508788733.361939,380136.0,392535.0
1508788739.172644,380136.0,392535.0
1508788744.880939,380136.0,392535.0
1508788750.593536,380136.0,392535.0
1508788756.387414,380136.0,392535.0
1508788762.089671,380136.0,392535.0
1508788767.776289,380136.0,392535.0
1508788773.476615,380136.0,392535.0
1508788779.183686,380136.0,392535.0
1508788784.887739,380136.0,392535.0
1508788790.609548,380136.0,392535.0
1508788796.307695,380136.0,392535.0
1508788802.021477,380136.0,392535.0
1508788807.729403,380136.0,392535.0
1508788813.422316,380136.0,392535.0
1508788819.116309,380136.0,392535.0
1508788824.809859,380136.0,392535.0
1508788830.515984,380136.0,392535.0
1508788836.237451,380136.0,392535.0
1508788841.959538,380136.0,392535.0
1508788847.659298,380136.0,392535.0
1508788853.381247,380136.0,392535.0
1508788859.081463,380136.0,392535.0
1508788864.780265,380136.0,392535.0
1508788870.482338,380136.0,392535.0
1508788876.196159,380136.0,392535.0
1508788881.89544,380136.0,392535.0
1508788887.59607,380136.0,392535.0
1508788893.311297,380136.0,392535.0
1508788899.021844,380136.0,392535.0
1508788904.738969,380136.0,392535.0
1508788910.432396,380136.0,392535.0
1508788916.13166,380136.0,392535.0
1508788922.312695,380136.0,392535.0
1508788928.083525,380136.0,392535.0
1508788933.78618,380136.0,392535.0
1508788939.480094,380136.0,392535.0
1508788945.178761,380136.0,392535.0
1508788950.879845,380136.0,392535.0
1508788956.580977,380120.0,393994.0
1508788962.266943,380120.0,393994.0
1508788967.953307,380120.0,393994.0
1508788973.658532,380120.0,393994.0
1508788979.716856,380120.0,393994.0
1508788985.410906,380120.0,393994.0
1508788991.098603,380120.0,393994.0
1508788996.815905,380120.0,393994.0
1508789003.118272,380120.0,393994.0
1508789008.82704,380120.0,393994.0
1508789014.812773,380120.0,393994.0
1508789020.511917,380120.0,393994.0
1508789026.216921,380120.0,393994.0
1508789031.916331,380120.0,393994.0
1508789037.627275,380120.0,393994.0
1508789043.558606,380120.0,393994.0
1508789049.250668,380120.0,393994.0
1508789055.009359,380120.0,393994.0
1508789060.702855,380120.0,393994.0
1508789066.413739,380120.0,393994.0
1508789072.127938,380120.0,393994.0
1508789077.823825,380120.0,393994.0
1508789083.523087,380120.0,393994.0
1508789089.222568,380120.0,393994.0
1508789094.939102,380120.0,393994.0
1508789100.655723,380120.0,393994.0
1508789106.343515,380120.0,393994.0
1508789112.884369,380120.0,393994.0
1508789118.589514,380120.0,393994.0
1508789124.282561,380120.0,393994.0
1508789129.970555,380120.0,393994.0
1508789135.675338,380120.0,393994.0
1508789141.374918,380120.0,393994.0
1508789147.071491,380120.0,393994.0
1508789152.80241,380120.0,393994.0
1508789158.59422,380120.0,393994.0
1508789164.301233,380120.0,393994.0
1508789169.99981,380120.0,393994.0
1508789175.69808,380120.0,393994.0
1508789181.385805,380120.0,393994.0
1508789187.086206,380120.0,393994.0
1508789192.796036,380120.0,393994.0
1508789198.495517,380120.0,393994.0
1508789204.211889,380120.0,393994.0
1508789209.916992,380120.0,393994.0
1508789215.616016,380120.0,393994.0
1508789222.284753,380120.0,393994.0
1508789227.966057,380120.0,393994.0
1508789233.683391,380120.0,393994.0
1508789239.38255,380120.0,393994.0
1508789245.133816,380120.0,393994.0
1508789250.832933,380120.0,393994.0
1508789256.549798,379895.0,394209.0
1508789262.243285,379895.0,394209.0
1508789267.942878,379895.0,394209.0
1508789273.647823,379895.0,394209.0
1508789279.3446,379895.0,394209.0
1508789285.065899,379895.0,394209.0
1508789290.786276,379895.0,394209.0
1508789296.543721,379895.0,394209.0
1508789303.217249,379895.0,394209.0
1508789308.928701,379895.0,394209.0
1508789314.6349,379895.0,394209.0
1508789320.331439,379895.0,394209.0
1508789326.015123,379895.0,394209.0
1508789331.725848,379895.0,394209.0
1508789337.4247,379895.0,394209.0
1508789343.118654,379895.0,394209.0
1508789348.828495,379895.0,394209.0
1508789354.518108,379895.0,394209.0
1508789360.216411,379895.0,394209.0
1508789365.930196,379895.0,394209.0
1508789371.638154,379895.0,394209.0
1508789377.328775,379895.0,394209.0
1508789383.025088,379895.0,394209.0
1508789388.718562,379895.0,394209.0
1508789394.480715,379895.0,394209.0
1508789400.192598,379895.0,394209.0
1508789405.903421,379895.0,394209.0
1508789411.596442,379895.0,394209.0
1508789417.307095,379895.0,394209.0
1508789423.010193,379895.0,394209.0
1508789428.71073,379895.0,394209.0
1508789434.405572,379895.0,394209.0
1508789440.099091,379895.0,394209.0
1508789445.798357,379895.0,394209.0
1508789451.492238,379895.0,394209.0
1508789457.245424,379895.0,394209.0
1508789462.936853,379895.0,394209.0
1508789468.654954,379895.0,394209.0
1508789474.358672,379895.0,394209.0
1508789480.1101,379895.0,394209.0
1508789485.809613,379895.0,394209.0
1508789491.520285,379895.0,394209.0
1508789497.25435,379895.0,394209.0
1508789502.947808,379895.0,394209.0
1508789508.652795,379895.0,394209.0
1508789514.3462,379895.0,394209.0
1508789520.085497,379895.0,394209.0
1508789526.197602,379895.0,394209.0
1508789531.897723,379895.0,394209.0
1508789537.590273,379895.0,394209.0
1508789543.289427,379895.0,394209.0
1508789549.011485,379895.0,394209.0
1508789554.717149,380192.0,395717.0
1508789560.410556,380192.0,395717.0
1508789566.10421,380192.0,395717.0
1508789571.803344,380192.0,395717.0
1508789577.63442,380192.0,395717.0
1508789583.322371,380192.0,395717.0
1508789589.017225,380192.0,395717.0
1508789594.704644,380192.0,395717.0
1508789600.398373,380192.0,395717.0
1508789606.09186,380192.0,395717.0
1508789611.79689,380192.0,395717.0
1508789617.490328,380192.0,395717.0
1508789623.183598,380192.0,395717.0
1508789628.888581,380192.0,395717.0
1508789634.582277,380192.0,395717.0
1508789640.600855,380192.0,395717.0
1508789646.294387,380192.0,395717.0
1508789651.982033,380192.0,395717.0
1508789657.675451,380192.0,395717.0
1508789663.380507,380192.0,395717.0
1508789669.074167,380192.0,395717.0
1508789674.773301,380192.0,395717.0
1508789680.466562,380192.0,395717.0
1508789686.183384,380192.0,395717.0
1508789691.888634,380192.0,395717.0
1508789697.586066,380192.0,395717.0
1508789703.269209,380192.0,395717.0
1508789708.957744,380192.0,395717.0
1508789714.680567,380192.0,395717.0
1508789720.379514,380192.0,395717.0
1508789726.108154,380192.0,395717.0
1508789731.81286,380192.0,395717.0
1508789737.530727,380192.0,395717.0
1508789743.234684,380192.0,395717.0
1508789748.952662,380192.0,395717.0
1508789754.679745,380192.0,395717.0
1508789760.384742,380192.0,395717.0
1508789766.086979,380192.0,395717.0
1508789771.783415,380192.0,395717.0
1508789777.516245,380192.0,395717.0
1508789783.205184,380192.0,395717.0
1508789788.927168,380192.0,395717.0
1508789794.633003,380192.0,395717.0
1508789800.335582,380192.0,395717.0
1508789806.043695,380192.0,395717.0
1508789811.748008,380192.0,395717.0
1508789817.446188,380192.0,395717.0
1508789823.146441,380192.0,395717.0
1508789829.397317,380192.0,395717.0
1508789835.096434,380192.0,395717.0
1508789840.796967,380192.0,395717.0
1508789846.488941,380192.0,395717.0
1508789852.373066,380192.0,395717.0
1508789858.07936,379974.0,395251.0
1508789863.802008,379974.0,395251.0
1508789869.494186,379974.0,395251.0
1508789875.235549,379974.0,395251.0
1508789880.943946,379974.0,395251.0
1508789886.639624,379974.0,395251.0
1508789892.35531,379974.0,395251.0
1508789898.094968,379974.0,395251.0
1508789903.812876,379974.0,395251.0
1508789909.517157,379974.0,395251.0
1508789915.275533,379974.0,395251.0
1508789920.980288,379974.0,395251.0
1508789926.685343,379974.0,395251.0
1508789932.390444,379974.0,395251.0
1508789938.095528,379974.0,395251.0
1508789944.34625,379974.0,395251.0
1508789950.033969,379974.0,395251.0
1508789955.762238,379974.0,395251.0
1508789961.461401,379974.0,395251.0
1508789967.217603,379974.0,395251.0
1508789972.952972,379974.0,395251.0
1508789978.663563,379974.0,395251.0
1508789984.386681,379974.0,395251.0
1508789990.08559,379974.0,395251.0
1508789995.795223,379974.0,395251.0
1508790001.499284,379974.0,395251.0
1508790007.212414,379974.0,395251.0
1508790012.911741,379974.0,395251.0
1508790018.622571,379974.0,395251.0
1508790024.328137,379974.0,395251.0
1508790030.032585,379974.0,395251.0
1508790035.824969,379974.0,395251.0
1508790041.524235,379974.0,395251.0
1508790047.229278,379974.0,395251.0
1508790052.950563,379974.0,395251.0
1508790058.6557,379974.0,395251.0
1508790064.350514,379974.0,395251.0
1508790070.049492,379974.0,395251.0
1508790075.754621,379974.0,395251.0
1508790081.453953,379974.0,395251.0
1508790087.222821,379974.0,395251.0
1508790093.002265,379974.0,395251.0
1508790098.736394,379974.0,395251.0
1508790104.465978,379974.0,395251.0
1508790110.153578,379974.0,395251.0
1508790115.8557,379974.0,395251.0
1508790121.569408,379974.0,395251.0
1508790127.291943,379974.0,395251.0
1508790133.548357,379974.0,395251.0
1508790139.25225,379974.0,395251.0
1508790144.941038,379974.0,395251.0
1508790150.640418,379974.0,395251.0
1508790156.343894,380142.0,395524.0
1508790162.155215,380142.0,395524.0
1508790167.889091,380142.0,395524.0
1508790173.598049,380142.0,395524.0
1508790179.2935,380142.0,395524.0
1508790184.996979,380142.0,395524.0
1508790190.711095,380142.0,395524.0
1508790196.437779,380142.0,395524.0
1508790202.688303,380142.0,395524.0
1508790208.399427,380142.0,395524.0
1508790214.101621,380142.0,395524.0
1508790219.855401,380142.0,395524.0
1508790225.561023,380142.0,395524.0
1508790231.266028,380142.0,395524.0
1508790236.968855,380142.0,395524.0
1508790242.66349,380142.0,395524.0
1508790248.363897,380142.0,395524.0
1508790254.063174,380142.0,395524.0
1508790259.767446,380142.0,395524.0
1508790265.467494,380142.0,395524.0
1508790271.193084,380142.0,395524.0
1508790276.903675,380142.0,395524.0
1508790282.594316,380142.0,395524.0
1508790288.299512,380142.0,395524.0
1508790293.99295,380142.0,395524.0
1508790299.726257,380142.0,395524.0
1508790305.560143,380142.0,395524.0
1508790311.247515,380142.0,395524.0
1508790316.955146,380142.0,395524.0
1508790322.645966,380142.0,395524.0
1508790328.337277,380142.0,395524.0
1508790334.045099,380142.0,395524.0
1508790339.749729,380142.0,395524.0
1508790345.454802,380142.0,395524.0
1508790351.159881,380142.0,395524.0
1508790356.864663,380142.0,395524.0
1508790362.569998,380142.0,395524.0
1508790368.274167,380142.0,395524.0
1508790373.980525,380142.0,395524.0
1508790379.679487,380142.0,395524.0
1508790385.373043,380142.0,395524.0
1508790391.066448,380142.0,395524.0
1508790396.794753,380142.0,395524.0
1508790402.58687,380142.0,395524.0
1508790408.28927,380142.0,395524.0
1508790414.01333,380142.0,395524.0
1508790419.719787,380142.0,395524.0
1508790425.418904,380142.0,395524.0
1508790431.120921,380142.0,395524.0
1508790437.325569,380142.0,395524.0
1508790443.014831,380142.0,395524.0
1508790448.738299,380142.0,395524.0
1508790454.432045,380142.0,395524.0
1508790460.125286,380169.0,395929.0
1508790465.871005,380169.0,395929.0
1508790471.864556,380169.0,395929.0
1508790477.588912,380169.0,395929.0
1508790483.313853,380169.0,395929.0
1508790489.016426,380169.0,395929.0
1508790494.727197,380169.0,395929.0
1508790500.426426,380169.0,395929.0
1508790506.148785,380169.0,395929.0
1508790511.853539,380169.0,395929.0
1508790517.56525,380169.0,395929.0
1508790523.281536,380169.0,395929.0
1508790528.986713,380169.0,395929.0
1508790534.676371,380169.0,395929.0
1508790540.379416,380169.0,395929.0
1508790546.078975,380169.0,395929.0
1508790551.783921,380169.0,395929.0
1508790557.483226,380169.0,395929.0
1508790563.170868,380169.0,395929.0
1508790568.968802,380169.0,395929.0
1508790574.670504,380169.0,395929.0
1508790580.390366,380169.0,395929.0
1508790586.124619,380169.0,395929.0
1508790591.859055,380169.0,395929.0
1508790597.557993,380169.0,395929.0
1508790603.280468,380169.0,395929.0
1508790608.991348,380169.0,395929.0
1508790614.696467,380169.0,395929.0
1508790620.407371,380169.0,395929.0
1508790626.11245,380169.0,395929.0
1508790631.816512,380169.0,395929.0
1508790637.522619,380169.0,395929.0
1508790643.22415,380169.0,395929.0
1508790648.946202,380169.0,395929.0
1508790654.672209,380169.0,395929.0
1508790660.372,380169.0,395929.0
1508790666.065545,380169.0,395929.0
1508790671.759006,380169.0,395929.0
1508790677.461743,380169.0,395929.0
1508790683.163422,380169.0,395929.0
1508790688.862333,380169.0,395929.0
1508790694.550255,380169.0,395929.0
1508790700.261326,380169.0,395929.0
1508790706.016156,380169.0,395929.0
1508790711.786963,380169.0,395929.0
1508790717.485536,380169.0,395929.0
1508790723.191789,380169.0,395929.0
1508790728.896831,380169.0,395929.0
1508790734.607853,380169.0,395929.0
1508790740.881473,380169.0,395929.0
1508790746.592048,380169.0,395929.0
1508790752.286015,380169.0,395929.0
1508790758.002635,380057.0,394932.0
1508790763.875805,380057.0,394932.0
1508790769.569466,380057.0,394932.0
1508790775.394004,380057.0,394932.0
1508790781.101438,380057.0,394932.0
1508790786.824025,380057.0,394932.0
1508790792.638332,380057.0,394932.0
1508790798.350367,380057.0,394932.0
1508790804.049567,380057.0,394932.0
1508790809.754712,380057.0,394932.0
1508790815.482878,380057.0,394932.0
1508790821.185325,380057.0,394932.0
1508790826.887556,380057.0,394932.0
1508790832.619135,380057.0,394932.0
1508790838.343915,380057.0,394932.0
1508790844.072254,380057.0,394932.0
1508790849.783117,380057.0,394932.0
1508790855.51141,380057.0,394932.0
1508790861.210694,380057.0,394932.0
1508790866.909982,380057.0,394932.0
1508790872.605858,380057.0,394932.0
1508790878.308534,380057.0,394932.0
1508790884.015637,380057.0,394932.0
1508790889.712862,380057.0,394932.0
1508790895.403138,380057.0,394932.0
1508790901.099576,380057.0,394932.0
1508790906.822335,380057.0,394932.0
1508790912.52425,380057.0,394932.0
1508790918.265824,380057.0,394932.0
1508790923.960819,380057.0,394932.0
1508790929.654222,380057.0,394932.0
1508790935.37096,380057.0,394932.0
1508790941.078909,380057.0,394932.0
1508790946.781074,380057.0,394932.0
1508790952.556242,380057.0,394932.0
1508790958.249301,380057.0,394932.0
1508790963.948555,380057.0,394932.0
1508790969.646715,380057.0,394932.0
1508790975.335581,380057.0,394932.0
1508790981.028345,380057.0,394932.0
1508790986.734081,380057.0,394932.0
1508790992.433498,380057.0,394932.0
1508790998.149204,380057.0,394932.0
1508791003.866816,380057.0,394932.0
1508791009.571837,380057.0,394932.0
1508791015.259557,380057.0,394932.0
1508791022.066287,380057.0,394932.0
1508791027.771226,380057.0,394932.0
1508791033.460141,380057.0,394932.0
1508791039.751303,380057.0,394932.0
1508791045.473895,380057.0,394932.0
1508791051.173112,380057.0,394932.0
1508791056.874642,380057.0,394932.0
1508791062.565786,380017.0,394927.0
1508791068.271223,380017.0,394927.0
1508791073.970321,380017.0,394927.0
1508791079.872667,380017.0,394927.0
1508791085.571945,380017.0,394927.0
1508791091.268246,380017.0,394927.0
1508791096.958943,380017.0,394927.0
1508791103.712396,380017.0,394927.0
1508791109.419718,380017.0,394927.0
1508791115.124755,380017.0,394927.0
1508791120.835541,380017.0,394927.0
1508791126.534822,380017.0,394927.0
1508791132.25125,380017.0,394927.0
1508791137.953472,380017.0,394927.0
1508791143.661604,380017.0,394927.0
1508791149.365751,380017.0,394927.0
1508791155.070302,380017.0,394927.0
1508791160.774862,380017.0,394927.0
1508791166.482032,380017.0,394927.0
1508791172.198709,380017.0,394927.0
1508791177.892195,380017.0,394927.0
1508791183.585994,380017.0,394927.0
1508791189.284837,380017.0,394927.0
1508791194.999049,380017.0,394927.0
1508791200.706787,380017.0,394927.0
1508791206.429102,380017.0,394927.0
1508791212.128413,380017.0,394927.0
1508791217.827798,380017.0,394927.0
1508791223.557004,380017.0,394927.0
1508791229.266368,380017.0,394927.0
1508791235.041612,380017.0,394927.0
1508791240.740998,380017.0,394927.0
1508791246.443617,380017.0,394927.0
1508791252.131556,380017.0,394927.0
1508791257.827197,380017.0,394927.0
1508791263.526359,380017.0,394927.0
1508791269.219918,380017.0,394927.0
1508791274.919192,380017.0,394927.0
1508791280.630156,380017.0,394927.0
1508791286.334347,380017.0,394927.0
1508791292.030328,380017.0,394927.0
1508791297.733985,380017.0,394927.0
1508791303.445635,380017.0,394927.0
1508791309.161228,380017.0,394927.0
1508791314.872222,380017.0,394927.0
1508791320.586632,380017.0,394927.0
1508791326.282401,380017.0,394927.0
1508791332.01073,380017.0,394927.0
1508791338.284212,380017.0,394927.0
1508791343.979438,380017.0,394927.0
1508791349.683209,380017.0,394927.0
1508791355.393952,380017.0,394927.0
1508791361.103013,379857.0,394262.0
1508791366.803995,379857.0,394262.0
1508791372.497645,379857.0,394262.0
1508791378.199638,379857.0,394262.0
1508791383.896236,379857.0,394262.0
1508791389.607099,379857.0,394262.0
1508791395.294801,379857.0,394262.0
1508791402.003948,379857.0,394262.0
1508791407.713938,379857.0,394262.0
1508791413.414071,379857.0,394262.0
1508791419.118013,379857.0,394262.0
1508791424.835901,379857.0,394262.0
1508791430.540539,379857.0,394262.0
1508791436.244582,379857.0,394262.0
1508791441.939452,379857.0,394262.0
1508791447.638709,379857.0,394262.0
1508791453.336917,379857.0,394262.0
1508791459.072465,379857.0,394262.0
1508791464.76727,379857.0,394262.0
1508791470.459053,379857.0,394262.0
1508791476.152603,379857.0,394262.0
1508791481.869263,379857.0,394262.0
1508791487.568707,379857.0,394262.0
1508791493.273621,379857.0,394262.0
1508791498.9961,379857.0,394262.0
1508791504.801327,379857.0,394262.0
1508791510.500258,379857.0,394262.0
1508791516.204331,379857.0,394262.0
1508791521.931613,379857.0,394262.0
1508791527.643751,379857.0,394262.0
1508791533.429873,379857.0,394262.0
1508791539.134797,379857.0,394262.0
1508791544.833492,379857.0,394262.0
1508791550.527689,379857.0,394262.0
1508791556.226847,379857.0,394262.0
1508791561.930744,379857.0,394262.0
1508791567.625716,379857.0,394262.0
1508791573.324733,379857.0,394262.0
1508791579.041503,379857.0,394262.0
1508791584.733731,379857.0,394262.0
1508791590.439944,379857.0,394262.0
1508791596.133448,379857.0,394262.0
1508791601.829209,379857.0,394262.0
1508791607.532108,379857.0,394262.0
1508791613.224997,379857.0,394262.0
1508791618.924769,379857.0,394262.0
1508791624.629899,379857.0,394262.0
1508791630.369412,379857.0,394262.0
1508791636.063313,379857.0,394262.0
1508791642.325763,379857.0,394262.0
1508791648.042137,379857.0,394262.0
1508791653.759,379857.0,394262.0
1508791659.458147,379599.0,393367.0
1508791665.157506,379599.0,393367.0
1508791670.867898,379599.0,393367.0
1508791676.579412,379599.0,393367.0
1508791682.435243,379599.0,393367.0
1508791688.140351,379599.0,393367.0
1508791693.84423,379599.0,393367.0
1508791700.581294,379599.0,393367.0
1508791706.288488,379599.0,393367.0
1508791711.987811,379599.0,393367.0
1508791717.698917,379599.0,393367.0
1508791723.404018,379599.0,393367.0
1508791729.101718,379599.0,393367.0
1508791734.854778,379599.0,393367.0
1508791740.55152,379599.0,393367.0
1508791746.259252,379599.0,393367.0
1508791751.96994,379599.0,393367.0
1508791757.669151,379599.0,393367.0
1508791763.374268,379599.0,393367.0
1508791769.067785,379599.0,393367.0
1508791774.784783,379599.0,393367.0
1508791780.483725,379599.0,393367.0
1508791786.460669,379599.0,393367.0
1508791792.165532,379599.0,393367.0
1508791797.871801,379599.0,393367.0
1508791803.582811,379599.0,393367.0
1508791809.337082,379599.0,393367.0
1508791815.045104,379599.0,393367.0
1508791820.792868,379599.0,393367.0
1508791826.491776,379599.0,393367.0
1508791832.200931,379599.0,393367.0
1508791837.906085,379599.0,393367.0
1508791843.605291,379599.0,393367.0
1508791849.298784,379599.0,393367.0
1508791854.997961,379599.0,393367.0
1508791860.691551,379599.0,393367.0
1508791866.3908,379599.0,393367.0
1508791873.181825,379599.0,393367.0
1508791878.89205,379599.0,393367.0
1508791884.606355,379599.0,393367.0
1508791890.311015,379599.0,393367.0
1508791896.015562,379599.0,393367.0
1508791901.723819,379599.0,393367.0
1508791907.423317,379599.0,393367.0
1508791913.113666,379599.0,393367.0
1508791918.827667,379599.0,393367.0
1508791924.555951,379599.0,393367.0
1508791930.258794,379599.0,393367.0
1508791935.94866,379599.0,393367.0
1508791942.196999,379599.0,393367.0
1508791948.024133,379599.0,393367.0
1508791953.725333,379599.0,393367.0
1508791959.419109,380184.0,393931.0
1508791965.187957,380184.0,393931.0
1508791970.89239,380184.0,393931.0
1508791976.608871,380184.0,393931.0
1508791982.33298,380184.0,393931.0
1508791988.031541,380184.0,393931.0
1508791993.727493,380184.0,393931.0
1508792000.457369,380184.0,393931.0
1508792006.156627,380184.0,393931.0
1508792012.273825,380184.0,393931.0
1508792017.976657,380184.0,393931.0
1508792023.683937,380184.0,393931.0
1508792029.389117,380184.0,393931.0
1508792035.08248,380184.0,393931.0
1508792040.80509,380184.0,393931.0
1508792046.553198,380184.0,393931.0
1508792052.244192,380184.0,393931.0
1508792057.950132,380184.0,393931.0
1508792063.641612,380184.0,393931.0
1508792069.336368,380184.0,393931.0
1508792075.029758,380184.0,393931.0
1508792080.729121,380184.0,393931.0
1508792086.433665,380184.0,393931.0
1508792092.138597,380184.0,393931.0
1508792097.844445,380184.0,393931.0
1508792103.578143,380184.0,393931.0
1508792109.277991,380184.0,393931.0
1508792114.976922,380184.0,393931.0
1508792120.679455,380184.0,393931.0
1508792126.375836,380184.0,393931.0
1508792132.08654,380184.0,393931.0
1508792137.782874,380184.0,393931.0
1508792143.490759,380184.0,393931.0
1508792149.218058,380184.0,393931.0
1508792154.912477,380184.0,393931.0
1508792160.611422,380184.0,393931.0
1508792166.305342,380184.0,393931.0
1508792172.016161,380184.0,393931.0
1508792177.727701,380184.0,393931.0
1508792183.425699,380184.0,393931.0
1508792189.125557,380184.0,393931.0
1508792194.830671,380184.0,393931.0
1508792200.529921,380184.0,393931.0
1508792206.234968,380184.0,393931.0
1508792211.957533,380184.0,393931.0
1508792217.657303,380184.0,393931.0
1508792223.365341,380184.0,393931.0
1508792229.070458,380184.0,393931.0
1508792234.792802,380184.0,393931.0
1508792241.016877,380184.0,393931.0
1508792246.727828,380184.0,393931.0
1508792252.435153,380184.0,393931.0
1508792258.137952,380184.0,393931.0
1508792263.848866,379566.0,393333.0
1508792269.733883,379566.0,393333.0
1508792275.438979,379566.0,393333.0
1508792281.141626,379566.0,393333.0
1508792286.837513,379566.0,393333.0
1508792292.536822,379566.0,393333.0
1508792298.787329,379566.0,393333.0
1508792304.492599,379566.0,393333.0
1508792310.180267,379566.0,393333.0
1508792315.88531,379566.0,393333.0
1508792321.589272,379566.0,393333.0
1508792327.283967,379566.0,393333.0
1508792332.983021,379566.0,393333.0
1508792338.697702,379566.0,393333.0
1508792344.480333,379566.0,393333.0
1508792350.177158,379566.0,393333.0
1508792355.918395,379566.0,393333.0
1508792361.622966,379566.0,393333.0
1508792367.328619,379566.0,393333.0
1508792373.04231,379566.0,393333.0
1508792378.739771,379566.0,393333.0
1508792384.44491,379566.0,393333.0
1508792390.155763,379566.0,393333.0
1508792395.865794,379566.0,393333.0
1508792401.571982,379566.0,393333.0
1508792407.276282,379566.0,393333.0
1508792412.970471,379566.0,393333.0
1508792418.668879,379566.0,393333.0
1508792424.444567,379566.0,393333.0
1508792430.161204,379566.0,393333.0
1508792435.947521,379566.0,393333.0
1508792441.653828,379566.0,393333.0
1508792447.373569,379566.0,393333.0
1508792453.079974,379566.0,393333.0
1508792458.773711,379566.0,393333.0
1508792464.461207,379566.0,393333.0
1508792470.184083,379566.0,393333.0
1508792475.879481,379566.0,393333.0
1508792481.582258,379566.0,393333.0
1508792487.310509,379566.0,393333.0
1508792493.024913,379566.0,393333.0
1508792498.744182,379566.0,393333.0
1508792504.442187,379566.0,393333.0
1508792510.140215,379566.0,393333.0
1508792515.846738,379566.0,393333.0
1508792521.551415,379566.0,393333.0
1508792527.253903,379566.0,393333.0
1508792532.951281,379566.0,393333.0
1508792538.650436,379566.0,393333.0
1508792544.852408,379566.0,393333.0
1508792550.545221,379566.0,393333.0
1508792556.245931,379566.0,393333.0
1508792561.952584,379566.0,393333.0
1508792567.971158,378700.0,392435.0
1508792573.855696,378700.0,392435.0
1508792579.581363,378700.0,392435.0
1508792585.288358,378700.0,392435.0
1508792591.0038,378700.0,392435.0
1508792596.704939,378700.0,392435.0
1508792602.404611,378700.0,392435.0
1508792608.175315,378700.0,392435.0
1508792613.878585,378700.0,392435.0
1508792619.583723,378700.0,392435.0
1508792625.277505,378700.0,392435.0
1508792630.970772,378700.0,392435.0
1508792636.664093,378700.0,392435.0
1508792642.363486,378700.0,392435.0
1508792648.085959,378700.0,392435.0
1508792653.857568,378700.0,392435.0
1508792659.577323,378700.0,392435.0
1508792665.312349,378700.0,392435.0
1508792671.003736,378700.0,392435.0
1508792676.749584,378700.0,392435.0
1508792682.455744,378700.0,392435.0
1508792688.160808,378700.0,392435.0
1508792693.866108,378700.0,392435.0
1508792699.559455,378700.0,392435.0
1508792705.257915,378700.0,392435.0
1508792711.065267,378700.0,392435.0
1508792716.756032,378700.0,392435.0
1508792722.450218,378700.0,392435.0
1508792728.154623,378700.0,392435.0
1508792733.869951,378700.0,392435.0
1508792739.576263,378700.0,392435.0
1508792745.275524,378700.0,392435.0
1508792750.967136,378700.0,392435.0
1508792756.679998,378700.0,392435.0
1508792762.378101,378700.0,392435.0
1508792768.082347,378700.0,392435.0
1508792773.795093,378700.0,392435.0
1508792779.487483,378700.0,392435.0
1508792785.1989,378700.0,392435.0
1508792790.887282,378700.0,392435.0
1508792796.580654,378700.0,392435.0
1508792802.303118,378700.0,392435.0
1508792808.005153,378700.0,392435.0
1508792813.701899,378700.0,392435.0
1508792819.469353,378700.0,392435.0
1508792826.284244,378700.0,392435.0
1508792831.989329,378700.0,392435.0
1508792837.688585,378700.0,392435.0
1508792843.387808,378700.0,392435.0
1508792849.104736,378700.0,392435.0
1508792854.818997,378700.0,392435.0
1508792860.538289,378700.0,392435.0
1508792866.244904,378700.0,392435.0
1508792871.95418,380082.0,393784.0
1508792877.861465,380082.0,393784.0
1508792883.573366,380082.0,393784.0
1508792889.278193,380082.0,393784.0
1508792894.983032,380082.0,393784.0
1508792901.233782,380082.0,393784.0
1508792906.960794,380082.0,393784.0
1508792912.655856,380082.0,393784.0
1508792918.372267,380082.0,393784.0
1508792924.08349,380082.0,393784.0
1508792929.782393,380082.0,393784.0
1508792935.497474,380082.0,393784.0
1508792941.204197,380082.0,393784.0
1508792947.409978,380082.0,393784.0
1508792953.113431,380082.0,393784.0
1508792958.807052,380082.0,393784.0
1508792964.535424,380082.0,393784.0
1508792970.245028,380082.0,393784.0
1508792975.9512,380082.0,393784.0
1508792981.702736,380082.0,393784.0
1508792987.401376,380082.0,393784.0
1508792993.130059,380082.0,393784.0
1508792998.823933,380082.0,393784.0
1508793004.529157,380082.0,393784.0
1508793010.23892,380082.0,393784.0
1508793015.946569,380082.0,393784.0
1508793021.644234,380082.0,393784.0
1508793027.343343,380082.0,393784.0
1508793033.045286,380082.0,393784.0
1508793038.763044,380082.0,393784.0
1508793044.470289,380082.0,393784.0
1508793050.175416,380082.0,393784.0
1508793055.868844,380082.0,393784.0
1508793061.607676,380082.0,393784.0
1508793067.319454,380082.0,393784.0
1508793073.030457,380082.0,393784.0
1508793078.731978,380082.0,393784.0
1508793084.436734,380082.0,393784.0
1508793090.139964,380082.0,393784.0
1508793095.839157,380082.0,393784.0
1508793101.550081,380082.0,393784.0
1508793107.255046,380082.0,393784.0
1508793112.976291,380082.0,393784.0
1508793118.681769,380082.0,393784.0
1508793124.945044,380082.0,393784.0
1508793130.64439,380082.0,393784.0
1508793136.361136,380082.0,393784.0
1508793142.066092,380082.0,393784.0
1508793147.782955,380082.0,393784.0
1508793153.493635,380082.0,393784.0
1508793159.193169,380082.0,393784.0
1508793164.938617,380082.0,393784.0
1508793170.626213,380082.0,393784.0
1508793176.37714,379801.0,393576.0
1508793182.315228,379801.0,393576.0
1508793188.014385,379801.0,393576.0
1508793193.701639,379801.0,393576.0
1508793200.428761,379801.0,393576.0
1508793206.134419,379801.0,393576.0
1508793211.832898,379801.0,393576.0
1508793217.549396,379801.0,393576.0
1508793223.248138,379801.0,393576.0
1508793228.953471,379801.0,393576.0
1508793234.647729,379801.0,393576.0
1508793240.364363,379801.0,393576.0
1508793246.066453,379801.0,393576.0
1508793251.785923,379801.0,393576.0
1508793257.485264,379801.0,393576.0
1508793263.196187,379801.0,393576.0
1508793268.906947,379801.0,393576.0
1508793274.606187,379801.0,393576.0
1508793280.323015,379801.0,393576.0
1508793286.033828,379801.0,393576.0
1508793291.802518,379801.0,393576.0
1508793297.507665,379801.0,393576.0
1508793303.212351,379801.0,393576.0
1508793308.916892,379801.0,393576.0
1508793314.623147,379801.0,393576.0
1508793320.340706,379801.0,393576.0
1508793326.050665,379801.0,393576.0
1508793331.779032,379801.0,393576.0
1508793337.484058,379801.0,393576.0
1508793343.182194,379801.0,393576.0
1508793348.90575,379801.0,393576.0
1508793354.604152,379801.0,393576.0
1508793360.298574,379801.0,393576.0
1508793365.996103,379801.0,393576.0
1508793371.691353,379801.0,393576.0
1508793377.403671,379801.0,393576.0
1508793383.107184,379801.0,393576.0
1508793388.818234,379801.0,393576.0
1508793394.529186,379801.0,393576.0
1508793400.240016,379801.0,393576.0
1508793405.92771,379801.0,393576.0
1508793411.632809,379801.0,393576.0
1508793417.337307,379801.0,393576.0
1508793423.594238,379801.0,393576.0
1508793429.310945,379801.0,393576.0
1508793435.004455,379801.0,393576.0
1508793440.721087,379801.0,393576.0
1508793446.432014,379801.0,393576.0
1508793452.135456,379801.0,393576.0
1508793457.859675,379801.0,393576.0
1508793463.570459,379801.0,393576.0
1508793469.287164,379801.0,393576.0
1508793475.00386,379801.0,393576.0
1508793480.715075,378860.0,392601.0
1508793486.413054,378860.0,392601.0
1508793492.119056,378860.0,392601.0
1508793497.818504,378860.0,392601.0
1508793503.512983,378860.0,392601.0
1508793509.205258,378860.0,392601.0
1508793514.898853,378860.0,392601.0
1508793520.603614,378860.0,392601.0
1508793526.308142,378860.0,392601.0
1508793532.012682,378860.0,392601.0
1508793538.334279,378860.0,392601.0
1508793544.038906,378860.0,392601.0
1508793549.776996,378860.0,392601.0
1508793555.478218,378860.0,392601.0
1508793561.179675,378860.0,392601.0
1508793566.89297,378860.0,392601.0
1508793572.602158,378860.0,392601.0
1508793578.299946,378860.0,392601.0
1508793583.998516,378860.0,392601.0
1508793589.709167,378860.0,392601.0
1508793595.430537,378860.0,392601.0
1508793601.125257,378860.0,392601.0
1508793606.816242,378860.0,392601.0
1508793612.515115,378860.0,392601.0
1508793618.24026,378860.0,392601.0
1508793623.951208,378860.0,392601.0
1508793629.656055,378860.0,392601.0
1508793635.355667,378860.0,392601.0
1508793641.097464,378860.0,392601.0
1508793646.788253,378860.0,392601.0
1508793652.499994,378860.0,392601.0
1508793658.205037,378860.0,392601.0
1508793663.91579,378860.0,392601.0
1508793669.626671,378860.0,392601.0
1508793675.325952,378860.0,392601.0
1508793681.018689,378860.0,392601.0
1508793686.718683,378860.0,392601.0
1508793692.412213,378860.0,392601.0
1508793698.111846,378860.0,392601.0
1508793703.83403,378860.0,392601.0
1508793709.538809,378860.0,392601.0
1508793715.343164,378860.0,392601.0
1508793721.041967,378860.0,392601.0
1508793727.292754,378860.0,392601.0
1508793732.990771,378860.0,392601.0
1508793738.737716,378860.0,392601.0
1508793744.44032,378860.0,392601.0
1508793750.136339,378860.0,392601.0
1508793755.841318,378860.0,392601.0
1508793761.540663,378860.0,392601.0
1508793767.24567,378860.0,392601.0
1508793772.944995,378860.0,392601.0
1508793778.742052,378860.0,392601.0
1508793784.436462,378888.0,392630.0
1508793790.240164,378888.0,392630.0
1508793795.956981,378888.0,392630.0
1508793802.265489,378888.0,392630.0
1508793807.975696,378888.0,392630.0
1508793813.675703,378888.0,392630.0
1508793819.380986,378888.0,392630.0
1508793825.097416,378888.0,392630.0
1508793830.785314,378888.0,392630.0
1508793836.485262,378888.0,392630.0
1508793842.195177,378888.0,392630.0
1508793847.911915,378888.0,392630.0
1508793853.59393,378888.0,392630.0
1508793859.296633,378888.0,392630.0
1508793865.000249,378888.0,392630.0
1508793870.703324,378888.0,392630.0
1508793876.42598,378888.0,392630.0
1508793882.130919,378888.0,392630.0
1508793887.830218,378888.0,392630.0
1508793893.541079,378888.0,392630.0
1508793899.30992,378888.0,392630.0
1508793905.021179,378888.0,392630.0
1508793910.720143,378888.0,392630.0
1508793916.430967,378888.0,392630.0
1508793922.124503,378888.0,392630.0
1508793927.823211,378888.0,392630.0
1508793933.528894,378888.0,392630.0
1508793939.222322,378888.0,392630.0
1508793944.933291,378888.0,392630.0
1508793950.621093,378888.0,392630.0
1508793956.355089,378888.0,392630.0
1508793962.047376,378888.0,392630.0
1508793967.747761,378888.0,392630.0
1508793973.470267,378888.0,392630.0
1508793979.174167,378888.0,392630.0
1508793984.876382,378888.0,392630.0
1508793990.571899,378888.0,392630.0
1508793996.282758,378888.0,392630.0
1508794001.972528,378888.0,392630.0
1508794007.660119,378888.0,392630.0
1508794013.363722,378888.0,392630.0
1508794019.057619,378888.0,392630.0
1508794024.752163,378888.0,392630.0
1508794031.008716,378888.0,392630.0
1508794036.701351,378888.0,392630.0
1508794042.422386,378888.0,392630.0
1508794048.129612,378888.0,392630.0
1508794053.82313,378888.0,392630.0
1508794059.536225,378888.0,392630.0
1508794065.251233,378888.0,392630.0
1508794070.962019,378888.0,392630.0
1508794076.654483,378888.0,392630.0
1508794082.353776,378283.0,392003.0
1508794088.216374,378283.0,392003.0
1508794093.915542,378283.0,392003.0
1508794099.637948,378283.0,392003.0
1508794105.708506,378283.0,392003.0
1508794111.404857,378283.0,392003.0
1508794117.118822,378283.0,392003.0
1508794122.835513,378283.0,392003.0
1508794128.546397,378283.0,392003.0
1508794134.251495,378283.0,392003.0
1508794140.454796,378283.0,392003.0
1508794146.154992,378283.0,392003.0
1508794151.893778,378283.0,392003.0
1508794157.61757,378283.0,392003.0
1508794163.305032,378283.0,392003.0
1508794169.004408,378283.0,392003.0
1508794174.715187,378283.0,392003.0
1508794180.425704,378283.0,392003.0
1508794186.136393,378283.0,392003.0
1508794191.842087,378283.0,392003.0
1508794197.547046,378283.0,392003.0
1508794203.251642,378283.0,392003.0
1508794208.94573,378283.0,392003.0
1508794214.643997,378283.0,392003.0
1508794220.346956,378283.0,392003.0
1508794226.049289,378283.0,392003.0
1508794231.766067,378283.0,392003.0
1508794237.482584,378283.0,392003.0
1508794243.170288,378283.0,392003.0
1508794248.881243,378283.0,392003.0
1508794254.574906,378283.0,392003.0
1508794260.303188,378283.0,392003.0
1508794266.016857,378283.0,392003.0
1508794271.724267,378283.0,392003.0
1508794277.424076,378283.0,392003.0
1508794283.134955,378283.0,392003.0
1508794288.840088,378283.0,392003.0
1508794294.527783,378283.0,392003.0
1508794300.215372,378283.0,392003.0
1508794305.920428,378283.0,392003.0
1508794311.723206,378283.0,392003.0
1508794317.42932,378283.0,392003.0
1508794323.146037,378283.0,392003.0
1508794328.845334,378283.0,392003.0
1508794335.240618,378283.0,392003.0
1508794340.931815,378283.0,392003.0
1508794346.638742,378283.0,392003.0
1508794352.354521,378283.0,392003.0
1508794358.059208,378283.0,392003.0
1508794363.760651,378283.0,392003.0
1508794369.465827,378283.0,392003.0
1508794375.16504,378283.0,392003.0
1508794380.875938,378283.0,392003.0
1508794386.569446,378360.0,392082.0
1508794392.26832,378360.0,392082.0
1508794397.97368,378360.0,392082.0
1508794404.10351,378360.0,392082.0
1508794409.813277,378360.0,392082.0
1508794415.537323,378360.0,392082.0
1508794421.26644,378360.0,392082.0
1508794426.9897,378360.0,392082.0
1508794432.690253,378360.0,392082.0
1508794438.410328,378360.0,392082.0
1508794444.109558,378360.0,392082.0
1508794449.874368,378360.0,392082.0
1508794455.59911,378360.0,392082.0
1508794461.292159,378360.0,392082.0
1508794466.997754,378360.0,392082.0
1508794472.702835,378360.0,392082.0
1508794478.405901,378360.0,392082.0
1508794484.112961,378360.0,392082.0
1508794489.818379,378360.0,392082.0
1508794495.52889,378360.0,392082.0
1508794501.222619,378360.0,392082.0
1508794506.928714,378360.0,392082.0
1508794512.620111,378360.0,392082.0
1508794518.387797,378360.0,392082.0
1508794524.092391,378360.0,392082.0
1508794529.787425,378360.0,392082.0
1508794535.493573,378360.0,392082.0
1508794541.205906,378360.0,392082.0
1508794546.90386,378360.0,392082.0
1508794552.603252,378360.0,392082.0
1508794558.302207,378360.0,392082.0
1508794564.01885,378360.0,392082.0
1508794569.729116,378360.0,392082.0
1508794575.440955,378360.0,392082.0
1508794581.134194,378360.0,392082.0
1508794586.874254,378360.0,392082.0
1508794592.642223,378360.0,392082.0
1508794598.357616,378360.0,392082.0
1508794604.059113,378360.0,392082.0
1508794609.771541,378360.0,392082.0
1508794615.509736,378360.0,392082.0
1508794621.203832,378360.0,392082.0
1508794627.941282,378360.0,392082.0
1508794633.652523,378360.0,392082.0
1508794639.357398,378360.0,392082.0
1508794645.051042,378360.0,392082.0
1508794650.74414,378360.0,392082.0
1508794656.437783,378360.0,392082.0
1508794662.153357,378360.0,392082.0
1508794667.848182,378360.0,392082.0
1508794673.542508,378360.0,392082.0
1508794679.252268,378360.0,392082.0
1508794684.957324,376999.0,390673.0
1508794690.645002,376999.0,390673.0
1508794696.355973,376999.0,390673.0
1508794702.066855,376999.0,390673.0
1508794708.143433,376999.0,390673.0
1508794713.848484,376999.0,390673.0
1508794719.540909,376999.0,390673.0
1508794725.241735,376999.0,390673.0
1508794730.940463,376999.0,390673.0
1508794736.651322,376999.0,390673.0
1508794742.57361,376999.0,390673.0
1508794748.270478,376999.0,390673.0
1508794754.016201,376999.0,390673.0
1508794759.714708,376999.0,390673.0
1508794765.408461,376999.0,390673.0
1508794771.110471,376999.0,390673.0
1508794776.813254,376999.0,390673.0
1508794782.518369,376999.0,390673.0
1508794788.22335,376999.0,390673.0
1508794793.928486,376999.0,390673.0
1508794799.629581,376999.0,390673.0
1508794805.341566,376999.0,390673.0
1508794811.055364,376999.0,390673.0
1508794816.847474,376999.0,390673.0
1508794822.581611,376999.0,390673.0
1508794828.282865,376999.0,390673.0
1508794833.974351,376999.0,390673.0
1508794839.688975,376999.0,390673.0
1508794845.405066,376999.0,390673.0
1508794851.095359,376999.0,390673.0
1508794856.795607,376999.0,390673.0
1508794862.499758,376999.0,390673.0
1508794868.210621,376999.0,390673.0
1508794873.921508,376999.0,390673.0
1508794879.638227,376999.0,390673.0
1508794885.349089,376999.0,390673.0
1508794891.060018,376999.0,390673.0
1508794896.759219,376999.0,390673.0
1508794902.496266,376999.0,390673.0
1508794908.197535,376999.0,390673.0
1508794913.891999,376999.0,390673.0
1508794919.589129,376999.0,390673.0
1508794925.313685,376999.0,390673.0
1508794931.639867,376999.0,390673.0
1508794937.339201,376999.0,390673.0
1508794943.050011,376999.0,390673.0
1508794948.749347,376999.0,390673.0
1508794954.454448,376999.0,390673.0
1508794960.165324,376999.0,390673.0
1508794966.003733,376999.0,390673.0
1508794971.801829,376999.0,390673.0
1508794977.506476,376999.0,390673.0
1508794983.194334,376999.0,390673.0
1508794988.905388,375079.0,388683.0
1508794994.668511,375079.0,388683.0
1508795000.373569,375079.0,388683.0
1508795006.079463,375079.0,388683.0
1508795011.772227,375079.0,388683.0
1508795017.488427,375079.0,388683.0
1508795023.234533,375079.0,388683.0
1508795028.93379,375079.0,388683.0
1508795034.637161,375079.0,388683.0
1508795040.361409,375079.0,388683.0
1508795046.060869,375079.0,388683.0
1508795051.765949,375079.0,388683.0
1508795057.476983,375079.0,388683.0
1508795063.181974,375079.0,388683.0
1508795068.87865,375079.0,388683.0
1508795074.591911,375079.0,388683.0
1508795080.314308,375079.0,388683.0
1508795086.031086,375079.0,388683.0
1508795091.724573,375079.0,388683.0
1508795097.464466,375079.0,388683.0
1508795103.190684,375079.0,388683.0
1508795108.898157,375079.0,388683.0
1508795114.602951,375079.0,388683.0
1508795120.308101,375079.0,388683.0
1508795126.007298,375079.0,388683.0
1508795131.712691,375079.0,388683.0
1508795137.404237,375079.0,388683.0
1508795143.139388,375079.0,388683.0
1508795148.856804,375079.0,388683.0
1508795154.550139,375079.0,388683.0
1508795160.319104,375079.0,388683.0
1508795166.035813,375079.0,388683.0
1508795171.740871,375079.0,388683.0
1508795177.445724,375079.0,388683.0
1508795183.137979,375079.0,388683.0
1508795188.844727,375079.0,388683.0
1508795194.563866,375079.0,388683.0
1508795200.27201,375079.0,388683.0
1508795205.971308,375079.0,388683.0
1508795211.728623,375079.0,388683.0
1508795217.432303,375079.0,388683.0
1508795223.127574,375079.0,388683.0
1508795228.815035,375079.0,388683.0
1508795235.088688,375079.0,388683.0
1508795240.799534,375079.0,388683.0
1508795246.539119,375079.0,388683.0
1508795252.262695,375079.0,388683.0
1508795257.95558,375079.0,388683.0
1508795263.654667,375079.0,388683.0
1508795269.357312,375079.0,388683.0
1508795275.476857,375079.0,388683.0
1508795281.169457,375079.0,388683.0
1508795286.872879,375079.0,388683.0
1508795292.577504,377426.0,391115.0
1508795298.291504,377426.0,391115.0
1508795304.018532,377426.0,391115.0
1508795310.746618,377426.0,391115.0
1508795316.445278,377426.0,391115.0
1508795322.145118,377426.0,391115.0
1508795327.854248,377426.0,391115.0
1508795333.560888,377426.0,391115.0
1508795339.258507,377426.0,391115.0
1508795344.982586,377426.0,391115.0
1508795350.68782,377426.0,391115.0
1508795356.409093,377426.0,391115.0
1508795362.109506,377426.0,391115.0
1508795367.819662,377426.0,391115.0
1508795373.531565,377426.0,391115.0
1508795379.245503,377426.0,391115.0
1508795384.935723,377426.0,391115.0
1508795390.635229,377426.0,391115.0
1508795396.334187,377426.0,391115.0
1508795402.033394,377426.0,391115.0
1508795407.738538,377426.0,391115.0
1508795413.43784,377426.0,391115.0
1508795419.154626,377426.0,391115.0
1508795424.854719,377426.0,391115.0
1508795430.60329,377426.0,391115.0
1508795436.327786,377426.0,391115.0
1508795442.03901,377426.0,391115.0
1508795447.726427,377426.0,391115.0
1508795453.436957,377426.0,391115.0
1508795459.136623,377426.0,391115.0
1508795464.830003,377426.0,391115.0
1508795470.529378,377426.0,391115.0
1508795476.226982,377426.0,391115.0
1508795481.933675,377426.0,391115.0
1508795487.648826,377426.0,391115.0
1508795493.349739,377426.0,391115.0
1508795499.048841,377426.0,391115.0
1508795504.765577,377426.0,391115.0
1508795510.469964,377426.0,391115.0
1508795516.164115,377426.0,391115.0
1508795521.875112,377426.0,391115.0
1508795527.584943,377426.0,391115.0
1508795533.819143,377426.0,391115.0
1508795539.530456,377426.0,391115.0
1508795545.246925,377426.0,391115.0
1508795550.971869,377426.0,391115.0
1508795556.671234,377426.0,391115.0
1508795562.375713,377426.0,391115.0
1508795568.072853,377426.0,391115.0
1508795574.201942,377426.0,391115.0
1508795579.913199,377426.0,391115.0
1508795585.611196,377426.0,391115.0
1508795591.311138,375784.0,389413.0
1508795597.080087,375784.0,389413.0
1508795602.781582,375784.0,389413.0
1508795609.529166,375784.0,389413.0
1508795615.234456,375784.0,389413.0
1508795620.933331,375784.0,389413.0
1508795626.632945,375784.0,389413.0
1508795632.382025,375784.0,389413.0
1508795638.077686,375784.0,389413.0
1508795643.776964,375784.0,389413.0
1508795649.495704,375784.0,389413.0
1508795655.198638,375784.0,389413.0
1508795660.903856,375784.0,389413.0
1508795666.626251,375784.0,389413.0
1508795672.330756,375784.0,389413.0
1508795678.018571,375784.0,389413.0
1508795683.718292,375784.0,389413.0
1508795689.41794,375784.0,389413.0
1508795695.115675,375784.0,389413.0
1508795700.816174,375784.0,389413.0
1508795706.515425,375784.0,389413.0
1508795712.203095,375784.0,389413.0
1508795717.909373,375784.0,389413.0
1508795723.616842,375784.0,389413.0
1508795729.314102,375784.0,389413.0
1508795735.017624,375784.0,389413.0
1508795740.785716,375784.0,389413.0
1508795746.485834,375784.0,389413.0
1508795752.178239,375784.0,389413.0
1508795757.881598,375784.0,389413.0
1508795763.589529,375784.0,389413.0
1508795769.311962,375784.0,389413.0
1508795775.017176,375784.0,389413.0
1508795780.716356,375784.0,389413.0
1508795786.421419,375784.0,389413.0
1508795792.12077,375784.0,389413.0
1508795797.936149,375784.0,389413.0
1508795803.635417,375784.0,389413.0
1508795809.340391,375784.0,389413.0
1508795815.051201,375784.0,389413.0
1508795820.762255,375784.0,389413.0
1508795826.466731,375784.0,389413.0
1508795832.72941,375784.0,389413.0
1508795838.428796,375784.0,389413.0
1508795844.122173,375784.0,389413.0
1508795849.815941,375784.0,389413.0
1508795855.535953,375784.0,389413.0
1508795861.237557,375784.0,389413.0
1508795866.946269,375784.0,389413.0
1508795872.641582,375784.0,389413.0
1508795878.345821,375784.0,389413.0
1508795884.03395,375784.0,389413.0
1508795889.731514,375784.0,389413.0
1508795895.427338,376979.0,390652.0
1508795901.335596,376979.0,390652.0
1508795908.056272,376979.0,390652.0
1508795913.826924,376979.0,390652.0
1508795919.529081,376979.0,390652.0
1508795925.223003,376979.0,390652.0
1508795930.923074,376979.0,390652.0
1508795936.622351,376979.0,390652.0
1508795942.321662,376979.0,390652.0
1508795948.035346,376979.0,390652.0
1508795953.73164,376979.0,390652.0
1508795959.431012,376979.0,390652.0
1508795965.136052,376979.0,390652.0
1508795970.893263,376979.0,390652.0
1508795976.591522,376979.0,390652.0
1508795982.297782,376979.0,390652.0
1508795988.037728,376979.0,390652.0
1508795993.75383,376979.0,390652.0
1508795999.459595,376979.0,390652.0
1508796005.170566,376979.0,390652.0
1508796010.881926,376979.0,390652.0
1508796016.596857,376979.0,390652.0
1508796022.291678,376979.0,390652.0
1508796028.002261,376979.0,390652.0
1508796033.689977,376979.0,390652.0
1508796039.400884,376979.0,390652.0
1508796045.169959,376979.0,390652.0
1508796050.874834,376979.0,390652.0
1508796056.573757,376979.0,390652.0
1508796062.293702,376979.0,390652.0
1508796067.990199,376979.0,390652.0
1508796073.703921,376979.0,390652.0
1508796079.406025,376979.0,390652.0
1508796085.111093,376979.0,390652.0
1508796090.810459,376979.0,390652.0
1508796096.503956,376979.0,390652.0
1508796102.20906,376979.0,390652.0
1508796107.902618,376979.0,390652.0
1508796113.601569,376979.0,390652.0
1508796119.301107,376979.0,390652.0
1508796125.006215,376979.0,390652.0
1508796130.716987,376979.0,390652.0
1508796136.985533,376979.0,390652.0
1508796142.690214,376979.0,390652.0
1508796148.406856,376979.0,390652.0
1508796154.100362,376979.0,390652.0
1508796159.811056,376979.0,390652.0
1508796165.516394,376979.0,390652.0
1508796171.366493,376979.0,390652.0
1508796177.135358,376979.0,390652.0
1508796182.840462,376979.0,390652.0
1508796188.534227,376979.0,390652.0
1508796194.232926,376979.0,390652.0
1508796199.937158,377238.0,390921.0
1508796206.763508,377238.0,390921.0
1508796212.463008,377238.0,390921.0
1508796218.179463,377238.0,390921.0
1508796223.873044,377238.0,390921.0
1508796229.572195,377238.0,390921.0
1508796235.271458,377238.0,390921.0
1508796240.986795,377238.0,390921.0
1508796247.111124,377238.0,390921.0
1508796252.821954,377238.0,390921.0
1508796258.665324,377238.0,390921.0
1508796264.359902,377238.0,390921.0
1508796270.059221,377238.0,390921.0
1508796275.765475,377238.0,390921.0
1508796281.486277,377238.0,390921.0
1508796287.184355,377238.0,390921.0
1508796292.926764,377238.0,390921.0
1508796298.633372,377238.0,390921.0
1508796304.324675,377238.0,390921.0
1508796310.052877,377238.0,390921.0
1508796315.780367,377238.0,390921.0
1508796321.468279,377238.0,390921.0
1508796327.179725,377238.0,390921.0
1508796332.918612,377238.0,390921.0
1508796338.642024,377238.0,390921.0
1508796344.335508,377238.0,390921.0
1508796350.034742,377238.0,390921.0
1508796355.734178,377238.0,390921.0
1508796361.450418,377238.0,390921.0
1508796367.19074,377238.0,390921.0
1508796372.936543,377238.0,390921.0
1508796378.635644,377238.0,390921.0
1508796384.349991,377238.0,390921.0
1508796390.045819,377238.0,390921.0
1508796395.749278,377238.0,390921.0
1508796401.445508,377238.0,390921.0
1508796407.137169,377238.0,390921.0
1508796412.848689,377238.0,390921.0
1508796418.548019,377238.0,390921.0
1508796424.251593,377238.0,390921.0
1508796431.066377,377238.0,390921.0
1508796436.760971,377238.0,390921.0
1508796442.459522,377238.0,390921.0
1508796448.158772,377238.0,390921.0
1508796453.863353,377238.0,390921.0
1508796459.567735,377238.0,390921.0
1508796465.267009,377238.0,390921.0
1508796470.954915,377238.0,390921.0
1508796476.659715,377238.0,390921.0
1508796482.365955,377238.0,390921.0
1508796488.065263,377238.0,390921.0
1508796493.765323,377238.0,390921.0
1508796499.452149,377238.0,390921.0
1508796506.103253,377238.0,390921.0
1508796511.790952,377238.0,390921.0
1508796517.49499,377238.0,390921.0
1508796523.195349,377238.0,390921.0
1508796528.906155,377238.0,390921.0
1508796534.606118,377238.0,390921.0
1508796540.727492,377238.0,390921.0
1508796546.432076,377238.0,390921.0
1508796552.132788,377238.0,390921.0
1508796557.832094,377238.0,390921.0
1508796563.529236,377238.0,390921.0
1508796569.223647,377238.0,390921.0
1508796574.924124,377238.0,390921.0
1508796580.626329,377238.0,390921.0
1508796586.763756,377238.0,390921.0
1508796592.456567,377238.0,390921.0
1508796598.162343,377238.0,390921.0
1508796603.855875,377238.0,390921.0
1508796609.566242,377238.0,390921.0
1508796615.266074,377238.0,390921.0
1508796620.958681,377238.0,390921.0
1508796626.658704,377238.0,390921.0
1508796632.358298,377238.0,390921.0
1508796638.057312,377238.0,390921.0
1508796643.756571,377238.0,390921.0
1508796649.464952,377238.0,390921.0
1508796655.168049,377238.0,390921.0
1508796660.877571,377238.0,390921.0
1508796666.588517,377238.0,390921.0
1508796672.287788,377238.0,390921.0
1508796677.98715,377238.0,390921.0
1508796683.692369,377238.0,390921.0
1508796689.385605,377238.0,390921.0
1508796695.084894,377238.0,390921.0
1508796700.778325,377238.0,390921.0
1508796706.483698,377238.0,390921.0
1508796712.181954,377238.0,390921.0
1508796717.903082,377238.0,390921.0
1508796723.598682,377238.0,390921.0
1508796729.861126,377238.0,390921.0
1508796735.566472,377238.0,390921.0
1508796741.276854,377238.0,390921.0
1508796746.973177,377238.0,390921.0
1508796752.68137,377238.0,390921.0
1508796758.380658,377238.0,390921.0
1508796764.091417,377238.0,390921.0
1508796770.007958,377238.0,390921.0
1508796775.710539,377238.0,390921.0
1508796781.529365,377238.0,390921.0
1508796787.258932,377238.0,390921.0
1508796792.963945,377238.0,390921.0
1508796798.658509,377258.0,390941.0
1508796805.530115,377258.0,390941.0
1508796811.229538,377258.0,390941.0
1508796816.928596,377258.0,390941.0
1508796822.627967,377258.0,390941.0
1508796828.327245,377258.0,390941.0
1508796834.03816,377258.0,390941.0
1508796839.743385,377258.0,390941.0
1508796846.388614,377258.0,390941.0
1508796852.076111,377258.0,390941.0
1508796857.798307,377258.0,390941.0
1508796863.503395,377258.0,390941.0
1508796869.196677,377258.0,390941.0
1508796874.895767,377258.0,390941.0
1508796880.590128,377258.0,390941.0
1508796886.28356,377258.0,390941.0
1508796891.983012,377258.0,390941.0
1508796897.682088,377258.0,390941.0
1508796903.38709,377258.0,390941.0
1508796909.109637,377258.0,390941.0
1508796914.811152,377258.0,390941.0
1508796920.498893,377258.0,390941.0
1508796926.230566,377258.0,390941.0
1508796931.924163,377258.0,390941.0
1508796937.635047,377258.0,390941.0
1508796943.342681,377258.0,390941.0
1508796949.038622,377258.0,390941.0
1508796954.738667,377258.0,390941.0
1508796960.438068,377258.0,390941.0
1508796966.143186,377258.0,390941.0
1508796971.856896,377258.0,390941.0
1508796977.560398,377258.0,390941.0
1508796983.258297,377258.0,390941.0
1508796988.969088,377258.0,390941.0
1508796994.674328,377258.0,390941.0
1508797000.367069,377258.0,390941.0
1508797006.077911,377258.0,390941.0
1508797011.772096,377258.0,390941.0
1508797017.477126,377258.0,390941.0
1508797023.182072,377258.0,390941.0
1508797029.467731,377258.0,390941.0
1508797035.172873,377258.0,390941.0
1508797040.872207,377258.0,390941.0
1508797046.57143,377258.0,390941.0
1508797052.259029,377258.0,390941.0
1508797057.986263,377258.0,390941.0
1508797063.692628,377258.0,390941.0
1508797069.385188,377258.0,390941.0
1508797075.072636,377258.0,390941.0
1508797080.800174,377258.0,390941.0
1508797086.506919,377258.0,390941.0
1508797092.234085,377258.0,390941.0
1508797097.94032,377258.0,390941.0
1508797104.642378,375100.0,388705.0
1508797110.3429,375100.0,388705.0
1508797116.065381,375100.0,388705.0
1508797121.758877,375100.0,388705.0
1508797127.463995,375100.0,388705.0
1508797133.169086,375100.0,388705.0
1508797138.868314,375100.0,388705.0
1508797144.979273,375100.0,388705.0
1508797150.673287,375100.0,388705.0
1508797156.378385,375100.0,388705.0
1508797162.07624,375100.0,388705.0
1508797167.782637,375100.0,388705.0
1508797173.485436,375100.0,388705.0
1508797179.189901,375100.0,388705.0
1508797184.886259,375100.0,388705.0
1508797190.580363,375100.0,388705.0
1508797196.290577,375100.0,388705.0
1508797201.995671,375100.0,388705.0
1508797207.71232,375100.0,388705.0
1508797213.417691,375100.0,388705.0
1508797219.122066,375100.0,388705.0
1508797224.837622,375100.0,388705.0
1508797230.555952,375100.0,388705.0
1508797236.261138,375100.0,388705.0
1508797241.955404,375100.0,388705.0
1508797247.653838,375100.0,388705.0
1508797253.364606,375100.0,388705.0
1508797259.062962,375100.0,388705.0
1508797264.751541,375100.0,388705.0
1508797270.455562,375100.0,388705.0
1508797276.155864,375100.0,388705.0
1508797281.859717,375100.0,388705.0
1508797287.560359,375100.0,388705.0
1508797293.253746,375100.0,388705.0
1508797298.951997,375100.0,388705.0
1508797304.664106,375100.0,388705.0
1508797310.380621,375100.0,388705.0
1508797316.085622,375100.0,388705.0
1508797321.782605,375100.0,388705.0
1508797328.033268,375100.0,388705.0
1508797333.740828,375100.0,388705.0
1508797339.439955,375100.0,388705.0
1508797345.12794,375100.0,388705.0
1508797350.826944,375100.0,388705.0
1508797356.531965,375100.0,388705.0
1508797362.236832,375100.0,388705.0
1508797367.936382,375100.0,388705.0
1508797373.653019,375100.0,388705.0
1508797379.352626,375100.0,388705.0
1508797385.055198,375100.0,388705.0
1508797390.759792,375100.0,388705.0
1508797396.50243,375100.0,388705.0
1508797403.219821,374232.0,387805.0
1508797409.00778,374232.0,387805.0
1508797415.15566,374232.0,387805.0
1508797420.84914,374232.0,387805.0
1508797426.54269,374232.0,387805.0
1508797432.241849,374232.0,387805.0
1508797437.999179,374232.0,387805.0
1508797443.713525,374232.0,387805.0
1508797449.415471,374232.0,387805.0
1508797455.136055,374232.0,387805.0
1508797460.848725,374232.0,387805.0
1508797466.547944,374232.0,387805.0
1508797472.264538,374232.0,387805.0
1508797477.96379,374232.0,387805.0
1508797483.67488,374232.0,387805.0
1508797489.373964,374232.0,387805.0
1508797495.066792,374232.0,387805.0
1508797500.787648,374232.0,387805.0
1508797506.485959,374232.0,387805.0
1508797512.194261,374232.0,387805.0
1508797517.899339,374232.0,387805.0
1508797523.598658,374232.0,387805.0
1508797529.303743,374232.0,387805.0
1508797535.049391,374232.0,387805.0
1508797540.742905,374232.0,387805.0
1508797546.434639,374232.0,387805.0
1508797552.139224,374232.0,387805.0
1508797557.843837,374232.0,387805.0
1508797563.540325,374232.0,387805.0
1508797569.239266,374232.0,387805.0
1508797574.926965,374232.0,387805.0
1508797580.636782,374232.0,387805.0
1508797586.348762,374232.0,387805.0
1508797592.054172,374232.0,387805.0
1508797597.75892,374232.0,387805.0
1508797603.458069,374232.0,387805.0
1508797609.16165,374232.0,387805.0
1508797614.856177,374232.0,387805.0
1508797620.560854,374232.0,387805.0
1508797626.832542,374232.0,387805.0
1508797632.538179,374232.0,387805.0
1508797638.239986,374232.0,387805.0
1508797643.945129,374232.0,387805.0
1508797649.638045,374232.0,387805.0
1508797655.343612,374232.0,387805.0
1508797661.041391,374232.0,387805.0
1508797666.742201,374232.0,387805.0
1508797672.452466,374232.0,387805.0
1508797678.198787,374232.0,387805.0
1508797683.909638,374232.0,387805.0
1508797689.602281,374232.0,387805.0
1508797695.308206,374232.0,387805.0
1508797702.058028,374181.0,387752.0
1508797707.821325,374181.0,387752.0
1508797713.516874,374181.0,387752.0
1508797719.208038,374181.0,387752.0
1508797724.911089,374181.0,387752.0
1508797730.606619,374181.0,387752.0
1508797736.311726,374181.0,387752.0
1508797742.02856,374181.0,387752.0
1508797747.745091,374181.0,387752.0
1508797753.544553,374181.0,387752.0
1508797759.246903,374181.0,387752.0
1508797764.959892,374181.0,387752.0
1508797770.646324,374181.0,387752.0
1508797776.369143,374181.0,387752.0
1508797782.073692,374181.0,387752.0
1508797787.778361,374181.0,387752.0
1508797793.484379,374181.0,387752.0
1508797799.177875,374181.0,387752.0
1508797804.871503,374181.0,387752.0
1508797810.568914,374181.0,387752.0
1508797816.274155,374181.0,387752.0
1508797821.963213,374181.0,387752.0
1508797827.668408,374181.0,387752.0
1508797833.367711,374181.0,387752.0
1508797839.066038,374181.0,387752.0
1508797844.783687,374181.0,387752.0
1508797850.488745,374181.0,387752.0
1508797856.188072,374181.0,387752.0
1508797861.887297,374181.0,387752.0
1508797867.59237,374181.0,387752.0
1508797873.280025,374181.0,387752.0
1508797878.984738,374181.0,387752.0
1508797884.690163,374181.0,387752.0
1508797890.39563,374181.0,387752.0
1508797896.106209,374181.0,387752.0
1508797901.79388,374181.0,387752.0
1508797907.502397,374181.0,387752.0
1508797913.215643,374181.0,387752.0
1508797918.90911,374181.0,387752.0
1508797924.608546,374181.0,387752.0
1508797930.876416,374181.0,387752.0
1508797936.597816,374181.0,387752.0
1508797942.29248,374181.0,387752.0
1508797947.991726,374181.0,387752.0
1508797953.696738,374181.0,387752.0
1508797959.396097,374181.0,387752.0
1508797965.106914,374181.0,387752.0
1508797970.811975,374181.0,387752.0
1508797976.511199,374181.0,387752.0
1508797982.250977,374181.0,387752.0
1508797987.962196,374181.0,387752.0
1508797993.660255,374181.0,387752.0
1508797999.370384,374181.0,387752.0
1508798005.065726,377154.0,390834.0
1508798010.84063,377154.0,390834.0
1508798016.53955,377154.0,390834.0
1508798022.230435,377154.0,390834.0
1508798027.950145,377154.0,390834.0
1508798033.649382,377154.0,390834.0
1508798039.348445,377154.0,390834.0
1508798045.098531,377154.0,390834.0
1508798050.793409,377154.0,390834.0
1508798056.497474,377154.0,390834.0
1508798062.197735,377154.0,390834.0
1508798067.90873,377154.0,390834.0
1508798073.613808,377154.0,390834.0
1508798079.328943,377154.0,390834.0
1508798085.033494,377154.0,390834.0
1508798090.751816,377154.0,390834.0
1508798096.456874,377154.0,390834.0
1508798102.151089,377154.0,390834.0
1508798107.855846,377154.0,390834.0
1508798113.561201,377154.0,390834.0
1508798119.260301,377154.0,390834.0
1508798124.953698,377154.0,390834.0
1508798130.696052,377154.0,390834.0
1508798136.416117,377154.0,390834.0
1508798142.115394,377154.0,390834.0
1508798147.820476,377154.0,390834.0
1508798153.537132,377154.0,390834.0
1508798159.241016,377154.0,390834.0
1508798164.953083,377154.0,390834.0
1508798170.652229,377154.0,390834.0
1508798176.356648,377154.0,390834.0
1508798182.061465,377154.0,390834.0
1508798187.767627,377154.0,390834.0
1508798193.472727,377154.0,390834.0
1508798199.191866,377154.0,390834.0
1508798204.888738,377154.0,390834.0
1508798210.599592,377154.0,390834.0
1508798216.298856,377154.0,390834.0
1508798221.998055,377154.0,390834.0
1508798227.697389,377154.0,390834.0
1508798234.486794,377154.0,390834.0
1508798240.184628,377154.0,390834.0
1508798245.874643,377154.0,390834.0
1508798251.583771,377154.0,390834.0
1508798257.275538,377154.0,390834.0
1508798262.961281,377154.0,390834.0
1508798268.654687,377154.0,390834.0
1508798274.353645,377154.0,390834.0
1508798280.12878,377154.0,390834.0
1508798285.833579,377154.0,390834.0
1508798291.52713,377154.0,390834.0
1508798297.237875,377154.0,390834.0
1508798303.941274,377154.0,390834.0
1508798309.650423,376576.0,390234.0
1508798315.401649,376576.0,390234.0
1508798321.097068,376576.0,390234.0
1508798326.813737,376576.0,390234.0
1508798332.501551,376576.0,390234.0
1508798338.218197,376576.0,390234.0
1508798343.924578,376576.0,390234.0
1508798349.628359,376576.0,390234.0
1508798355.333377,376576.0,390234.0
1508798361.036285,376576.0,390234.0
1508798366.726112,376576.0,390234.0
1508798372.413821,376576.0,390234.0
1508798378.129508,376576.0,390234.0
1508798383.928404,376576.0,390234.0
1508798389.626083,376576.0,390234.0
1508798395.332758,376576.0,390234.0
1508798401.037026,376576.0,390234.0
1508798406.738818,376576.0,390234.0
1508798412.428376,376576.0,390234.0
1508798418.134164,376576.0,390234.0
1508798423.829192,376576.0,390234.0
1508798429.527369,376576.0,390234.0
1508798435.233105,376576.0,390234.0
1508798440.926999,376576.0,390234.0
1508798446.643667,376576.0,390234.0
1508798452.342995,376576.0,390234.0
1508798458.042196,376576.0,390234.0
1508798463.72996,376576.0,390234.0
1508798469.425206,376576.0,390234.0
1508798475.151853,376576.0,390234.0
1508798480.85094,376576.0,390234.0
1508798486.556096,376576.0,390234.0
1508798492.249814,376576.0,390234.0
1508798497.950921,376576.0,390234.0
1508798503.665483,376576.0,390234.0
1508798509.37052,376576.0,390234.0
1508798515.06409,376576.0,390234.0
1508798520.76442,376576.0,390234.0
1508798526.477675,376576.0,390234.0
1508798532.184016,376576.0,390234.0
1508798538.447299,376576.0,390234.0
1508798544.15192,376576.0,390234.0
1508798549.856449,376576.0,390234.0
1508798555.544492,376576.0,390234.0
1508798561.238295,376576.0,390234.0
1508798566.936804,376576.0,390234.0
1508798572.822902,376576.0,390234.0
1508798578.516318,376576.0,390234.0
1508798584.230137,376576.0,390234.0
1508798589.926599,376576.0,390234.0
1508798595.625818,376576.0,390234.0
1508798601.319304,376576.0,390234.0
1508798607.006067,376576.0,390234.0
1508798612.717401,377525.0,391218.0
1508798618.480937,377525.0,391218.0
1508798624.181508,377525.0,391218.0
1508798629.885285,377525.0,391218.0
1508798635.578759,377525.0,391218.0
1508798641.28408,377525.0,391218.0
1508798647.801514,377525.0,391218.0
1508798653.512579,377525.0,391218.0
1508798659.211689,377525.0,391218.0
1508798664.905199,377525.0,391218.0
1508798670.603291,377525.0,391218.0
1508798676.306227,377525.0,391218.0
1508798682.012353,377525.0,391218.0
1508798687.719566,377525.0,391218.0
1508798693.413161,377525.0,391218.0
1508798699.094999,377525.0,391218.0
1508798704.800076,377525.0,391218.0
1508798710.521549,377525.0,391218.0
1508798716.222899,377525.0,391218.0
1508798721.93749,377525.0,391218.0
1508798727.682398,377525.0,391218.0
1508798733.3777,377525.0,391218.0
1508798739.100135,377525.0,391218.0
1508798744.799409,377525.0,391218.0
1508798750.492948,377525.0,391218.0
1508798756.195687,377525.0,391218.0
1508798761.88576,377525.0,391218.0
1508798767.601155,377525.0,391218.0
1508798773.31894,377525.0,391218.0
1508798779.024057,377525.0,391218.0
1508798784.717586,377525.0,391218.0
1508798790.416114,377525.0,391218.0
1508798796.127773,377525.0,391218.0
1508798801.844794,377525.0,391218.0
1508798807.55541,377525.0,391218.0
1508798813.254641,377525.0,391218.0
1508798818.948178,377525.0,391218.0
1508798824.641638,377525.0,391218.0
1508798830.346301,377525.0,391218.0
1508798836.057668,377525.0,391218.0
1508798842.314083,377525.0,391218.0
1508798848.018242,377525.0,391218.0
1508798853.706567,377525.0,391218.0
1508798859.404893,377525.0,391218.0
1508798865.099743,377525.0,391218.0
1508798870.839473,377525.0,391218.0
1508798876.53858,377525.0,391218.0
1508798882.23794,377525.0,391218.0
1508798887.943092,377525.0,391218.0
1508798893.648982,377525.0,391218.0
1508798899.35244,377525.0,391218.0
1508798906.073863,377525.0,391218.0
1508798911.767406,377525.0,391218.0
1508798917.472791,374373.0,387951.0
1508798923.222616,374373.0,387951.0
1508798928.91777,374373.0,387951.0
1508798934.626422,374373.0,387951.0
1508798940.710744,374373.0,387951.0
1508798946.410022,374373.0,387951.0
1508798952.112498,374373.0,387951.0
1508798957.825946,374373.0,387951.0
1508798963.537091,374373.0,387951.0
1508798969.242022,374373.0,387951.0
1508798974.964221,374373.0,387951.0
1508798980.669481,374373.0,387951.0
1508798986.364836,374373.0,387951.0
1508798992.068317,374373.0,387951.0
1508798997.767369,374373.0,387951.0
1508799003.472454,374373.0,387951.0
1508799009.160107,374373.0,387951.0
1508799014.865113,374373.0,387951.0
1508799020.567421,374373.0,387951.0
1508799026.269621,374373.0,387951.0
1508799031.974592,374373.0,387951.0
1508799037.673924,374373.0,387951.0
1508799043.373228,374373.0,387951.0
1508799049.090065,374373.0,387951.0
1508799054.794965,374373.0,387951.0
1508799060.511876,374373.0,387951.0
1508799066.202097,374373.0,387951.0
1508799071.910223,374373.0,387951.0
1508799077.632594,374373.0,387951.0
1508799083.333976,374373.0,387951.0
1508799089.022324,374373.0,387951.0
1508799094.725296,374373.0,387951.0
1508799100.429711,374373.0,387951.0
1508799106.123271,374373.0,387951.0
1508799111.834388,374373.0,387951.0
1508799117.527704,374373.0,387951.0
1508799123.215329,374373.0,387951.0
1508799128.913426,374373.0,387951.0
1508799134.602284,374373.0,387951.0
1508799140.845883,374373.0,387951.0
1508799146.547541,374373.0,387951.0
1508799152.258609,374373.0,387951.0
1508799157.977618,374373.0,387951.0
1508799163.698916,374373.0,387951.0
1508799169.419006,374373.0,387951.0
1508799175.211013,374373.0,387951.0
1508799180.92615,374373.0,387951.0
1508799186.615388,374373.0,387951.0
1508799192.31344,374373.0,387951.0
1508799198.013951,374373.0,387951.0
1508799204.70732,374373.0,387951.0
1508799210.404995,374373.0,387951.0
1508799216.109723,374373.0,387951.0
1508799221.803531,371672.0,385152.0
1508799227.550136,371672.0,385152.0
1508799234.122164,371672.0,385152.0
1508799239.960141,371672.0,385152.0
1508799245.677716,371672.0,385152.0
1508799251.981789,371672.0,385152.0
1508799257.691007,371672.0,385152.0
1508799263.387411,371672.0,385152.0
1508799269.083556,371672.0,385152.0
1508799274.803251,371672.0,385152.0
1508799280.514159,371672.0,385152.0
1508799286.230584,371672.0,385152.0
1508799291.930209,371672.0,385152.0
1508799297.627917,371672.0,385152.0
1508799303.340275,371672.0,385152.0
1508799309.049009,371672.0,385152.0
1508799314.756357,371672.0,385152.0
1508799320.461405,371672.0,385152.0
1508799326.154933,371672.0,385152.0
1508799331.850161,371672.0,385152.0
1508799337.538328,371672.0,385152.0
1508799343.229431,371672.0,385152.0
1508799348.940489,371672.0,385152.0
1508799354.657037,371672.0,385152.0
1508799360.390127,371672.0,385152.0
1508799366.084263,371672.0,385152.0
1508799371.789708,371672.0,385152.0
1508799377.494742,371672.0,385152.0
1508799383.208257,371672.0,385152.0
1508799388.899103,371672.0,385152.0
1508799394.587104,371672.0,385152.0
1508799400.291863,371672.0,385152.0
1508799405.991237,371672.0,385152.0
1508799411.681198,371672.0,385152.0
1508799417.45054,371672.0,385152.0
1508799423.170261,371672.0,385152.0
1508799428.878247,371672.0,385152.0
1508799434.586143,371672.0,385152.0
1508799440.853126,371672.0,385152.0
1508799446.553667,371672.0,385152.0
1508799452.252868,371672.0,385152.0
1508799457.948257,371672.0,385152.0
1508799463.652691,371672.0,385152.0
1508799469.594569,371672.0,385152.0
1508799475.294307,371672.0,385152.0
1508799481.009445,371672.0,385152.0
1508799486.703759,371672.0,385152.0
1508799492.409191,371672.0,385152.0
1508799498.108351,371672.0,385152.0
1508799504.463379,371672.0,385152.0
1508799510.16252,371672.0,385152.0
1508799515.864669,371672.0,385152.0
1508799521.555278,371672.0,385152.0
1508799527.249356,372579.0,386092.0
1508799533.03788,372579.0,386092.0
1508799538.74022,372579.0,386092.0
1508799544.821373,372579.0,386092.0
1508799550.525852,372579.0,386092.0
1508799556.230457,372579.0,386092.0
1508799561.938058,372579.0,386092.0
1508799567.631306,372579.0,386092.0
1508799573.33045,372579.0,386092.0
1508799579.024002,372579.0,386092.0
1508799584.72348,372579.0,386092.0
1508799590.457388,372579.0,386092.0
1508799596.163128,372579.0,386092.0
1508799601.942973,372579.0,386092.0
1508799607.64221,372579.0,386092.0
1508799613.3473,372579.0,386092.0
1508799619.058224,372579.0,386092.0
1508799624.751879,372579.0,386092.0
1508799630.455575,372579.0,386092.0
1508799636.190891,372579.0,386092.0
1508799641.890578,372579.0,386092.0
1508799647.589416,372579.0,386092.0
1508799653.282945,372579.0,386092.0
1508799658.982225,372579.0,386092.0
1508799664.687183,372579.0,386092.0
1508799670.392276,372579.0,386092.0
1508799676.097451,372579.0,386092.0
1508799681.79668,372579.0,386092.0
1508799687.507586,372579.0,386092.0
1508799693.206931,372579.0,386092.0
1508799698.900616,372579.0,386092.0
1508799704.599626,372579.0,386092.0
1508799710.298935,372579.0,386092.0
1508799715.998111,372579.0,386092.0
1508799721.68585,372579.0,386092.0
1508799727.384445,372579.0,386092.0
1508799733.105678,372579.0,386092.0
1508799738.812636,372579.0,386092.0
1508799745.065329,372579.0,386092.0
1508799750.752316,372579.0,386092.0
1508799756.450257,372579.0,386092.0
1508799762.143718,372579.0,386092.0
1508799767.860241,372579.0,386092.0
1508799773.553921,372579.0,386092.0
1508799779.243817,372579.0,386092.0
1508799784.970152,372579.0,386092.0
1508799790.679683,372579.0,386092.0
1508799796.388165,372579.0,386092.0
1508799802.09255,372579.0,386092.0
1508799808.115666,372579.0,386092.0
1508799813.825993,372579.0,386092.0
1508799819.525023,372579.0,386092.0
1508799825.242033,372579.0,386092.0
1508799830.932131,373440.0,386984.0
1508799836.687071,373440.0,386984.0
1508799842.398172,373440.0,386984.0
1508799848.0972,373440.0,386984.0
1508799853.784864,373440.0,386984.0
1508799859.484105,373440.0,386984.0
1508799865.181993,373440.0,386984.0
1508799870.882653,373440.0,386984.0
1508799876.576097,373440.0,386984.0
1508799882.274383,373440.0,386984.0
1508799887.979771,373440.0,386984.0
1508799893.673958,373440.0,386984.0
1508799899.384855,373440.0,386984.0
1508799905.084566,373440.0,386984.0
1508799910.795089,373440.0,386984.0
1508799916.486108,373440.0,386984.0
1508799922.176134,373440.0,386984.0
1508799927.897415,373440.0,386984.0
1508799933.592066,373440.0,386984.0
1508799939.287487,373440.0,386984.0
1508799944.996427,373440.0,386984.0
1508799950.701532,373440.0,386984.0
1508799956.429844,373440.0,386984.0
1508799962.129461,373440.0,386984.0
1508799967.82725,373440.0,386984.0
1508799973.551208,373440.0,386984.0
1508799979.267711,373440.0,386984.0
1508799984.960941,373440.0,386984.0
1508799990.664976,373440.0,386984.0
1508799996.400186,373440.0,386984.0
1508800002.104749,373440.0,386984.0
1508800007.814538,373440.0,386984.0
1508800013.521269,373440.0,386984.0
1508800019.237888,373440.0,386984.0
1508800024.952271,373440.0,386984.0
1508800030.654111,373440.0,386984.0
1508800037.467748,373440.0,386984.0
1508800043.15429,373440.0,386984.0
1508800048.858764,373440.0,386984.0
1508800054.563539,373440.0,386984.0
1508800060.276528,373440.0,386984.0
1508800065.975355,373440.0,386984.0
1508800071.67997,373440.0,386984.0
1508800077.385557,373440.0,386984.0
1508800083.090685,373440.0,386984.0
1508800088.789956,373440.0,386984.0
1508800094.495103,373440.0,386984.0
1508800100.205685,373440.0,386984.0
1508800106.856932,373440.0,386984.0
1508800112.562084,373440.0,386984.0
1508800119.26526,373440.0,386984.0
1508800124.958829,373440.0,386984.0
1508800130.652333,373440.0,386984.0
1508800136.361089,374218.0,387791.0
1508800142.6007,374218.0,387791.0
1508800148.305256,374218.0,387791.0
1508800154.012437,374218.0,387791.0
1508800159.716298,374218.0,387791.0
1508800165.411278,374218.0,387791.0
1508800171.121837,374218.0,387791.0
1508800176.815284,374218.0,387791.0
1508800182.514011,374218.0,387791.0
1508800188.226789,374218.0,387791.0
1508800193.941753,374218.0,387791.0
1508800199.6415,374218.0,387791.0
1508800205.358407,374218.0,387791.0
1508800211.062234,374218.0,387791.0
1508800216.776704,374218.0,387791.0
1508800222.471065,374218.0,387791.0
1508800228.171495,374218.0,387791.0
1508800233.86608,374218.0,387791.0
1508800239.5654,374218.0,387791.0
1508800245.249683,374218.0,387791.0
1508800250.958044,374218.0,387791.0
1508800256.673707,374218.0,387791.0
1508800262.377833,374218.0,387791.0
